2243 3499
407 215 408 218 =
428 169 637 233 canonicatuum
898 175 927 245 35

141 328 234 374 hostiam
247 324 341 369 necdum
355 323 396 368 deo
409 323 485 367 offeras
499 322 544 366 eius
558 331 608 365 ante
621 334 703 365 nomen
715 321 812 365 insinues
826 322 927 378 quamuis
936 326 960 362 εὶ·

142 403 165 447 lli
172 398 308 454 incognitum
317 397 345 441 sit
352 396 414 440 nihii.
425 396 487 440 Prius
495 408 545 450 ergo
554 395 734 445 oblectamentis
742 397 927 441 commendandae

141 484 233 519 actunc
247 485 324 516 eorum
338 470 427 515 nomina
442 482 536 525 quorum
550 478 601 512 sunt
616 469 721 513 edicenda
737 482 742 512 :
758 479 784 513 ut
796 470 853 514 inter
868 470 927 514 sacra

142 546 242 602 mysteria
256 545 396 589 nominentur
410 557 455 587 non
468 543 525 587 inter
539 543 580 586 alia
594 555 650 598 quae
664 552 715 586 ante
729 544 887 599 praemittimus
903 554 927 588 ut

140 621 193 678 ipsis
206 619 312 674 mysteriis
324 619 383 662 uiam
394 617 473 661 futuris
485 616 584 673 precibus
596 617 725 676 aperiamus.

169 693 330 745 Hmnonruus,
345 678 372 735 In
387 680 447 735 Hier
464 691 532 742 11,11
547 690 592 745 (PL
599 700 635 745 24,
645 691 707 746 784):
723 691 753 734 Αι
766 704 826 735 nunc
840 692 927 748 publice
981 703 984 713 ¹

141 767 258 811 recitantur
268 766 407 811 offerentium
418 764 506 808 nomina
518 773 539 807 et
550 765 672 820 redemptio
684 773 824 821 peccatorum
831 775 928 809 mutatur

140 831 166 884 in
177 842 271 885 laudern.

171 915 235 959 Μίαν.
252 926 277 970 13
293 913 448 969 (Garatonii,
463 911 513 967 331)
529 924 534 954 :
549 911 606 954 Item
619 915 670 968 post
684 922 753 968 pauca
766 913 851 957 addunt
866 926 871 956 :
887 927 927 969 pro
955 963 957 969 Ι

142 989 222 1045 quibus
231 988 273 1031 tibi
282 988 401 1038 offerimus,
411 998 462 1029 cum
470 986 494 1029 in
503 985 662 1041 antiquioribus
672 996 694 1029 et
703 986 849 1030 ueracioribus
857 999 927 1031 sacra-

142 1061 252 1106 mentariis
261 1061 348 1105 nonnisi
356 1060 397 1103 sub
406 1059 468 1103 tertia
476 1059 690 1116 persona‘offerentes
699 1059 774 1116 scripti
780 1060 926 1104 inueniantur.

171 1136 224 1179 Ord.
243 1147 285 1190 322
305 1147 310 1177 :
330 1136 453 1178 Memorare
471 1132 537 1176 etiam
556 1145 687 1188 quaesumus
707 1133 795 1177 domine
813 1147 927 1178 seruorum

141 1199 230 1253 tuorum
245 1209 283 1263 qui
297 1207 338 1251 tibi
352 1208 376 1251 in
391 1207 472 1251 honore
487 1215 611 1249 sanctorum
625 1215 716 1249 tuorum
729 1207 818 1259 illorum
832 1209 927 1252 reddunt

142 1292 192 1327 uota
204 1295 243 1325 sua
255 1283 295 1325 deo
308 1282 359 1325 uiuo
371 1290 393 1324 et
405 1293 456 1323 uero
469 1293 508 1337 pto
520 1279 646 1323 remissione
658 1292 749 1330 snorum
761 1281 861 1334 omnium
873 1281 926 1325 deli-

143 1366 235 1417 ctorum.
246 1355 282 1399 Cf.
292 1356 353 1399 Moz.
364 1368 386 1397 n.
399 1365 459 1408 1440.

517 1478 537 1521 V

169 1565 239 1609 Missa
248 1575 288 1620 pro
296 1563 467 1618 febricitantibus,
481 1563 565 1605 Secreta
579 1562 684 1617 (Baraza,
692 1562 837 1616 Miscellaneam
846 1566 927 1619 Lucae,

144 1641 206 1693 1761,
218 1639 249 1690 11,
262 1650 311 1694 319,
325 1636 353 1681 cf.
367 1636 515 1691 Paliographie
528 1636 623 1679 musicale
636 1637 657 1679 V
673 1637 737 1692 104):
752 1638 876 1682 Offerimus.
885 1640 926 1683 tibi

143 1713 231 1756 domine
244 1721 295 1755 uota
310 1711 350 1754 deo
364 1710 416 1753 uiuo
430 1719 452 1752 et
466 1723 517 1753 uero
529 1708 555 1752 ‘in
568 1710 657 1753 nomine
671 1707 734 1754 electi
747 1712 781 1755 tui
792 1702 927 1767 sigismundi

143 1800 183 1842 pro
192 1786 267 1829 ardore
276 1784 371 1828 febrium
380 1783 562 1827 communicantes
572 1784 732 1834 etmemoriam
740 1785 927 1830 facientesbeatis-

144 1859 251 1916 simorum
271 1858 440 1915 patriarchatum
461 1865 483 1900 et
504 1866 623 1911 martyrum
643 1858 787 1914 omniumque
802 1870 927 1904 sanctorum

132 1930 232 1995 tuorum
246 1945 339 1990 quorum
353 1931 452 1987 precibus
467 1930 591 1985 meritisque
605 1932 711 1974 concedas
726 1932 787 1976 utin
801 1935 862 1978 omni
875 1931 927 1990 pross

143 2006 236 2049 tectione
249 2005 369 2049 confirmati
380 2005 504 2048 muniamur
515 2004 561 2048 eius
573 2004 659 2047 auxilio.

169 2080 273 2122 Ornatus
283 2080 355 2139 Μιιν.
365 2080 395 2130 II,
406 2090 420 2133 4
431 2078 516 2133 (GSEL
525 2079 561 2129 26,
568 2077 621 2132 38):
634 2078 707 2132 Quam
718 2078 852 2134 (cathedram
861 2047 929 2137 petri),

140 2153 213 2196 nescio
222 2166 241 2195 s1
235 2153 285 2195 'uel
295 2135 363 2196 oculis
373 2152 438 2196 nouit
443 2161 465 2194 et
474 2151 502 2195 ad
511 2151 572 2194 euius
582 2152 710 2217 memoriam
719 2167 764 2196 non
773 2155 856 2198 accedit
865 2152 927 2210 quasi

141 2226 273 2270 scismaticus
283 2236 356 2269 contra
365 2225 486 2281 apostolum
493 2224 573 2268 faciens
583 2225 621 2281 qui
629 2225 674 2269 ait:
684 2227 793 2270 memoriis
802 2230 927 2272 sanctorum

141 2300 332 2343 communicantes.
349 2300 409 2355 ¹Ecce
429 2307 550 2355 praesentes
571 2308 622 2342 sunt
641 2299 674 2342 ibi
695 2300 790 2343 duorum
810 2302 926 2346 memoriae

140 2374 293 2429 apostolorum.
307 2372 379 2416 Dicite
391 2373 409 2416 si
421 2372 449 2416 ad
461 2372 499 2415 has
511 2372 596 2426 ingredi
608 2373 681 2429 potuit
693 2383 731 2417 aut
742 2374 823 2418 obtulit
833 2375 879 2419 illic
888 2377 926 2437 uhi

140 2456 265 2500 sanctorum
280 2446 393 2490 memorias
404 2459 450 2489 esse
462 2453 552 2501 constat

144 2520 308 2572 cremnos,
315 2520 381 2575 Epist.
393 2531 447 2571 12,2
457 2510 541 2574 (cs'al
550 2531 571 2574 3,
580 2519 641 2575 503):
652 2520 756 2576 Denique
765 2531 786 2565 et
796 2518 849 2565 dies
850 2535 927 2567 eorum

140 2593 220 2659 quibus
231 2588 337 2637 excedunt
347 2602 419 2636 notate
430 2602 454 2649 ut
465 2594 679 2638 commemorationes
691 2607 767 2639 eorum
777 2595 834 2639 inter
842 2610 927 2652 memo-

140 2666 182 2710 tias
194 2677 315 2723 martyrum
327 2668 433 2710 celebrare
444 2667 559 2723 possimus.

169 2739 239 2782 Coun.
251 2739 324 2794 Apost.
309 2739 398 2790 tVIII,
411 2749 444 2789 12,
454 2749 500 2792 43
511 2740 555 2778 Ἔτι
568 2741 696 2790 προσφέρομέν
709 2755 739 2779 σοι
750 2743 782 2781 καὶ
794 2742 840 2792 ὑπερ
853 2745 927 2784 πάντων

140 2816 178 2853 τῶν
191 2814 223 2853 ἀπ’
236 2814 304 2861 αἰῶνος
314 2813 475 2863 εὐαρεστησάντων
487 2827 518 2851 σοι
530 2813 588 2862 ἁγίων
602 2817 722 2864 πατριαρχῶν
734 2820 834 2865 προφητῶν
851 2818 927 2857 anatot

141 2886 249 2949 ἀποστόλων
258 2889 353 2937 μαρτύρων
361 2888 481 2937 ὁμολογητῶν
488 2890 529 2925 κτλ.
539 2883 574 2927 Cf.
582 2885 636 2929 VIII
645 2887 707 2939 Ι3,6

143 2948 927 3017 111111νὲ1118.361061((Β111(1ΗΤΜΑΝ56·57);Ἠτιμιιηοθηναικαταξὶωσον

141 3036 179 3073 τῶν
191 3034 223 3073 ἀπ’
232 3035 298 3081 αἰῶνός
310 3048 340 3073 σοι
351 3034 511 3084 &accomodatus
521 3035 570 3073 κατὰ
580 3035 644 3083 γενεὰν
653 3035 686 3073 καὶ
699 3036 763 3084 γενεὰν
773 3037 832 3086 ἁγίων
842 3033 928 3088 mordeor
