2243 3499
385 219 387 233 ³
441 222 523 259 cnuou
536 223 648 259 ¹retrosus
909 222 938 269 43

526 348 559 391 XI
583 355 585 358 ,

105 437 106 440 ’
180 431 226 475 Lib.
237 432 298 476 Pont.
308 432 327 484 Ι,
337 444 378 487 239
390 445 395 475 ι
407 432 451 476 Hic
462 433 525 488 (Leo)
536 433 647 477 constituit
658 442 682 476 ut
690 433 746 476 intra
756 432 863 475 actionem
873 431 939 482 sacri-

153 504 198 549 ficii
207 505 314 550 diceretur
322 515 421 549 sanctum
429 507 558 551 sacrificium
567 517 588 551 et
597 507 685 562 reliqua.

177 578 261 633 Quaest.
273 580 298 623 V.
306 594 331 623 ac
337 581 368 624 N.
379 581 403 624 T.
413 592 461 634 109,
468 592 494 623 21
504 580 589 635 (GSEL
597 591 631 635 50,
639 578 689 635 268)
698 593 703 623 :
712 579 814 623 Similiter
822 589 844 623 et
850 576 939 635 spiritus

152 650 240 696 sanctus
261 652 339 696 missus
360 654 421 710 quasi
440 663 533 697 antestes
553 655 650 698 sacerdos
670 653 789 711 appellatus
809 662 842 696 cst
861 653 939 696 excelsi

81 748 82 753 =
153 726 189 769 dei
200 739 245 770 non
255 740 353 771 summus
364 728 420 771 sicut
430 718 498 771 nostri
508 728 532 771 in
542 728 649 771 oblatione
660 736 807 784 praesumunt.

179 788 526 853 rs.-aunros1us,ne'sacr.1v,
540 804 560 853 a,
574 813 601 856 27
614 802 658 857 (Pr
672 803 706 852 16,
718 800 769 855 4⁶4)
783 813 788 842 ι
803 801 831 843 at
844 800 938 856 petamus

152 882 175 916 et
188 887 302 930 precamur
315 884 340 918 ut
354 875 409 918 hanc
423 875 555 927 oblationem
568 875 671 930 suscipias
685 875 709 917 in
723 874 811 917 sublimi
825 874 886 917 altari
899 883 939 917 tuo

152 960 192 1004 per
202 961 279 992 manus
289 948 414 1003 angelorum
423 957 512 992 tuorum
521 948 578 992 sicut
587 936 694 1005 suscipere
705 945 804 1002 dignatus
815 961 837 990 es
849 937 939 991 munera

153 1021 215 1077 pueri
230 1022 263 1065 tui
277 1022 329 1065 iusti
343 1022 391 1065 abel
405 1031 427 1065 et
441 1022 570 1066 sacrificium
577 1022 714 1078 patriarchae
728 1021 796 1065 nostri
811 1021 902 1065 abrahae
917 1030 939 1064 et

153 1095 215 1150 quod
228 1095 268 1138 tibi
282 1095 361 1139 obtulit
375 1108 473 1139 summus
487 1096 585 1139 sacerdos
598 1106 649 1139 tuus
663 1094 827 1139 melchisedech.

180 1168 243 1212 Moz.
257 1182 279 1211 n.
293 1171 334 1224 627
348 1181 353 1211 :
367 1169 430 1213 Hanc
443 1183 530 1226 quoque
543 1169 674 1213 oblationem
687 1178 714 1211 ut
724 1178 811 1224 accepto
824 1168 902 1212 habeas
916 1177 938 1211 et

152 1241 268 1285 benedicas
289 1242 397 1303 supplices
418 1230 528 1286 exoramus
550 1243 606 1286 sicut
626 1242 719 1287 habuisti
739 1251 827 1297 accepto
848 1255 938 1285 munera

152 1314 200 1358 abel
214 1315 276 1371 pueri
290 1316 324 1359 tui
336 1316 389 1359 iusti
403 1326 425 1359 et
439 1317 567 1360 sacrificium
582 1316 712 1373 patriarchae
727 1312 795 1359 nostri
809 1315 901 1359 abrahae
915 1325 938 1359 et

151 1388 213 1444 quod
221 1389 262 1432 tibi
271 1389 351 1433 obtulit
361 1403 458 1433 summus
469 1391 566 1433 sacerdos
577 1400 627 1433 tuus
638 1389 801 1433 melchisedech.
812 1389 938 1432 Descendat

151 1461 188 1505 hic
201 1475 268 1517 queso
282 1463 420 1507 inuisibiliter
433 1464 555 1507 benedictio
568 1464 675 1507 tuasicut
689 1464 799 1518 quondam
811 1463 836 1506 in
845 1472 937 1519 patrum
953 1470 954 1473 ’

150 1536 231 1597 hostias
246 1535 358 1595 visibiliter
371 1538 520 1597 descendebat.
535 1538 643 1592 Ascendat
656 1538 710 1584 odor
723 1536 832 1597 suavitatis
846 1536 869 1580 in
883 1550 936 1580 con-

150 1596 228 1666 spectu
245 1610 330 1654 divinae
347 1611 463 1654 maiestatis
474 1597 529 1654 ¹tuae
546 1624 572 1654 ex
589 1611 630 1655 hoc
646 1610 734 1654 sublimi
751 1610 825 1654 altario
842 1612 880 1653 tuo
897 1623 937 1666 per

152 1696 229 1726 manus
241 1684 312 1738 angeli
323 1684 363 1727 tui.
382 1729 384 1731 ,

177 1757 239 1801 Leon.
250 1759 288 1800 161
297 1765 304 1800 ἰ
314 1757 373 1801 Uere
382 1758 472 1812 dignum
479 1768 528 1801 tuae
536 1757 605 1802 laudis
614 1757 707 1802 hostiam
714 1758 791 1812 iugiter
799 1758 936 1801 immolantes

150 1831 212 1873 cuius
225 1830 317 1885 figuram
329 1831 377 1875 abel
388 1831 457 1875 iustus
470 1831 564 1875 instituit
576 1828 643 1886 agnus
656 1844 743 1887 quoque
755 1831 828 1886 legalis
841 1831 937 1885 ostendit

150 1904 268 1957 celebrauit
282 1894 389 1948 'abraham
407 1905 564 1949 melchisedech
582 1906 679 1949 sacerdos
698 1905 795 1948 exhibuit
814 1905 853 1948 sed
870 1916 935 1948 uerus

136 2000 137 2006 ι
149 1987 173 2021 et
185 1986 284 2022 aeternus
297 1978 395 2035 pontifex
407 1979 472 2022 hodie
485 1989 547 2022 natus
561 1979 653 2022 christus
666 1979 772 2035 impleuit.

520 2088 564 2130 XII

163 2223 165 2226 Α
176 2166 464 2222 Ps,·AM1utosms,Deracr.
474 2161 502 2209 cf.
512 2180 584 2222 supra.

177 2240 238 2282 Mna.
251 2253 272 2282 n.
285 2241 334 2294 627,
346 2240 374 2283 cf.
387 2253 458 2296 supra.

155 2315 157 2320 “
177 2313 298 2367 Antiphona
309 2314 332 2356 in
338 2313 443 2367 fractione
455 2314 606 2369 (Tflortasrus,
619 2314 691 2369 Opera¹
702 2314 777 2365 omnia,
789 2314 824 2357 ed.
838 2313 935 2364 Vezzosi,

77 2401 78 2404 ¹
149 2387 177 2448 V,
188 2398 221 2440 19.
227 2387 251 2430 P.
260 2387 342 2439 Castu,
354 2388 382 2430 Te
390 2389 457 2431 Deum
465 2401 491 2431 ou
500 2387 574 2438 illatio,
583 2385 697 2439 Solesmes,
708 2390 769 2440 1906,
778 2387 828 2442 217)
839 2400 844 2430 :
855 2387 936 2430 Emitte

148 2460 320 2515 angelumtuum
326 2461 413 2505 domine
420 2470 444 2504 ut
451 2460 551 2515 dignetur
558 2459 689 2505 sanctificare
696 2474 773 2517 corpus
780 2471 802 2504 et
808 2455 936 2514 sanguinem

148 2543 219 2577 tuum.
240 2534 288 2578 Nos
308 2534 427 2589 frangimus
447 2544 473 2578 tu
493 2534 580 2589 dignare
601 2535 727 2578 benedicere
748 2544 772 2577 ut
790 2534 934 2578 immaculatis

150 2607 249 2670 manibus
261 2608 317 2651 illud
329 2617 452 2652 tractemus.
933 2618 935 2623 '

175 2669 270 2739 liturgia
280 2684 304 2728 S.
314 2685 387 2728 Marci
403 2684 550 2738 (BRIGHTMAN
565 2684 629 2740 129):
648 2688 677 2725 Τθι
689 2687 818 2737 εὐχαριστήρια
832 2687 933 2735 abdabeian

149 2760 160 2799 ὁ
174 2760 216 2805 θεὸς
224 2760 250 2807 είς
258 2760 280 2798 rb
289 2750 341 2809 ἅγιον
348 2760 380 2800 καὶ
388 2761 493 2809 ἐπουράνιον
506 2760 538 2798 καί
550 2761 612 2809 νοερόν
620 2774 654 2799 σου
663 2760 790 2809 θυσιαστήριον
798 2744 855 2806 aava
864 2760 932 2809 μεγέθη

149 2836 188 2872 τῶν
201 2833 283 2883 οὐρανῶν
296 2834 326 2873 διὰ
338 2837 372 2883 τῆς
384 2834 519 2883 ἀρχαγγελικῆς
533 2847 567 2872 σου
583 2832 737 2882 λειτουργείας.’.;.
751 2835 777 2879 ὡς
789 2833 896 2882 προσεδέξω
908 2834 932 2872 τοί

148 2907 203 2956 δῶρα
210 2910 244 2945 τοῦ
252 2907 323 2946 δικαίου
332 2921 366 2946 σου
374 2908 435 2956 ’Άβελ
442 2907 475 2957 τὴν
483 2907 547 2945 θυσίαν
556 2909 590 2946 τοῦ
598 2907 667 2956 πατρὸς
677 2909 729 2956 ἡμῶν
739 2908 830 2956 Ἀβραάμ,
840 2894 934 2957 Ζαχαρίου

149 2981 171 3019 τὸ
180 2981 293 3030 θυμίαμα...
303 2981 402 3030 πρόσδεξαι
410 2981 442 3020 καὶ
450 2970 511 3019 abedo
519 2981 542 3019 τὰ
553 2980 689 3030 εὐχαριστθρια.

175 3052 270 3107 Liturgia
281 3052 306 3096 S.
316 3052 393 3096 Basilii
405 3051 552 3106 (Batoutrtart
565 3052 684 3108 319·320):
703 3054 725 3103 ἢν
740 3054 818 3108 (θυσίαν)
833 3054 933 3109 προσδεξά-
