2243 3499
434 231 640 268 cnnouncrtours
753 238 754 241 ¹
908 218 938 277 '37

150 349 295 407 πόιτριοιρχῶν..,Ἰ
301 356 399 406 ἐξαιρέτως
410 359 444 407 τῆς
455 349 545 407 notariae
557 350 648 408 ἀχράντου
659 355 829 406 ὑπερευλογημὲνης
837 354 937 404 δεσποίνης
946 379 962 387 ..

150 431 203 480 ἡμῶν
211 430 299 470 θεοτόκου
311 428 344 470 καὶ
360 431 389 470 ἀεὶ
399 431 488 480 παρθένου
495 431 592 481 Μαρίας...
610 432 640 470 loa
651 430 684 470 nol
697 425 780 477 abach...
795 428 937 478 ireturquoteb

150 517 208 544 σωσιν
215 507 250 554 τῆς
257 504 310 553 ἡμῶν
318 504 448 554 &masia-moe.

521 602 552 645 VI

175 674 221 718 Lib.
237 674 298 718 Pont.
314 675 332 726 1,
348 686 389 729 312
405 675 471 718 :Hic
486 675 613 731 (Gregorius
629 673 733 729 Magnus)
749 672 898 727 augmentauit
912 672 937 716 in

84 744 85 748 ’
148 747 332 804 praedicationem
350 749 437 792 canonis
456 749 544 804 diesque
562 757 646 792 nostros
664 748 688 791 in
706 757 743 796 tua
761 760 813 804 pace
832 746 936 803 disponas

148 830 171 864 et
180 821 269 878 reliqua.

176 895 237 938 Bana
245 896 310 948 Vnst,
318 896 376 940 Hirr.
384 897 432 940 eccl.
440 897 470 948 II,
479 908 489 939 1
499 897 543 951 (PL
551 908 586 951 95,
594 895 630 951 80)
639 908 644 938 :
654 896 697 939 Sed
704 905 726 945 et
733 895 757 938 in
763 894 811 951 ipsa
820 894 937 937 missarum

149 968 293 1012 celebratione
304 969 345 1013 tria
357 970 423 1013 uerba
435 970 539 1014 maximae
551 970 688 1027 perfectionis
700 970 764 1025 plena
775 967 947 1024 superadiecita

148 1042 239 1098 diesque
248 1052 333 1086 nostros
342 1043 411 1087 intua
420 1057 472 1100 pace
482 1044 587 1100 disponas.
592 1053 656 1098 atque
665 1044 692 1086 ab
702 1052 787 1086 aeterna
797 1041 937 1099 damnatione

149 1129 189 1159 nos
200 1115 255 1172 eripi
265 1126 287 1160 et
296 1115 321 1160 t‘n
330 1117 449 1160 electorum
457 1127 546 1161 tuorum
554 1116 628 1161 iubeas
639 1129 702 1171 grege
713 1116 829 1159 numerari.
912 1172 914 1176 Ι

174 1189 237 1240 Leon.
252 1196 322 1245 24-25'
333 1190 367 1246 (in
378 1190 474 1245 Pentec.)
490 1204 495 1235 ε
511 1191 574 1234 Hanc
586 1190 653 1245 igitur
667 1189 799 1233 oblationem
814 1202 881 1244 quam
894 1188 936 1249 tibi

147 1263 259 1307 offerimus
266 1277 306 1319 pro
313 1264 346 1307 his
354 1277 408 1319 quos
415 1278 441 1307 ex
448 1278 504 1320 aqua
509 1273 531 1308 et
537 1264 615 1325 spiritu
621 1273 694 1307 sancto
701 1265 826 1318 regenerare
833 1252 935 1321 dignatus

147 1349 170 1379 es
190 1336 288 1380 tribuens
308 1337 338 1381 eis
358 1336 508 1382 remissionem
526 1338 625 1382 omnium
644 1346 935 1394 peccatorumquaesumus

148 1410 239 1466 accipias
251 1424 370 1467 eorumque
381 1412 469 1455 nomina
480 1411 557 1455 ascribi
566 1412 640 1456 iubeas
651 1411 675 1455 in
685 1411 741 1454 libro
753 1410 877 1454 uiuentium
888 1400 946 1466 pe'rss‘
957 1395 959 1404 '

147 1506 175 1515 -
186 1484 239 1528 ibid.
255 1496 293 1540 123
308 1485 341 1540 (in
352 1494 396 1528 nat.
409 1484 485 1542 episc.)
498 1498 503 1528 :
517 1485 581 1529 Hanc
591 1486 657 1539 igitur
670 1484 803 1528 oblationem
815 1497 882 1540 quam
894 1483 936 1526 tibi

148 1558 216 1602 offero
225 1571 264 1612 ego
273 1568 323 1601 tuus
332 1558 426 1602 famulus
435 1568 457 1602 et
464 1561 585 1603 sacerdos...
597 1572 727 1614 quaesumus
736 1559 833 1614 placatus
842 1557 935 1613 accipias

147 1640 170 1674 et
180 1632 309 1689 tuapietate
320 1632 433 1676 confirmes
446 1633 505 1688 quod
516 1646 538 1677 es
550 1643 649 1689 operatus
660 1632 685 1685 in
695 1631 758 1676 nobis
770 1632 861 1687 diesque
874 1644 935 1696 meos

147 1705 315 1749 clementissima
332 1696 487 1760 gubernatione
504 1706 604 1763 disponas
621 1719 667 1762 per.
685 1720 713 1737 -’-
728 1706 782 1749 Ibid.
800 1708 828 1761 36
846 1719 852 1748 :
871 1705 936 1749 Hanc

147 1778 213 1822 etiam
225 1778 358 1822 oblationem
369 1780 457 1823 domine
468 1780 509 1823 tibi
520 1780 631 1834 uirginum
642 1788 772 1823 sacratarum
785 1793 878 1834 quarum
885 1774 936 1822 ante

148 1861 221 1896 sancte
232 1853 298 1896 altare
310 1862 374 1896 tuum
385 1854 457 1897 oblata
468 1854 557 1897 nomina
568 1846 684 1898 recitantur
696 1866 828 1909 quaesumus
837 1853 939 1916 placatus

148 1926 240 1982 accipias
252 1932 290 1969 eto.

177 2000 292 2043 Concilium
303 2001 474 2045 cenomannicum
486 2002 547 2056 (anno
558 2000 607 2055 840)
618 2002 667 2044 vide
678 2002 705 2044 ad
716 2001 778 2044 XIII.

149 2098 151 2101 >
177 2074 224 2117 Gal.
238 2084 278 2127 150
287 2074 320 2129 (in
328 2075 398 2117 natale
408 2074 572 2118 consecrationis
580 2074 722 2136 presbyteri):
736 2083 783 2118 ...ut
790 2074 832 2117 tibi
840 2073 934 2117 seruitus

146 2156 220 2190 nostra
230 2143 368 2203 complaceat.

512 2251 556 2294 VII

149 2382 151 2385 Ι
172 2323 471 2386 Ps.-Anmaos1us‚Derocr.
487 2325 525 2375 IV,
541 2335 562 2378 5,
577 2336 602 2367 21
619 2324 663 2380 (PL
680 2326 713 2375 16,
728 2323 832 2379 462·463)
848 2337 854 2367 ε
871 2323 934 2367 Dicit

146 2398 245 2440 sacerdos
265 2410 270 2440 :
288 2396 323 2440 fac
340 2397 403 2441 nobis
420 2397 493 2452 inquit
509 2399 565 2442 hanc
582 2397 713 2441 oblationem
730 2398 846 2454 ascriptam
863 2407 934 2441 ratam

145 2469 296 2528 rationabilem
310 2471 464 2528 acceptabilem
478 2472 537 2526 quod
550 2471 617 2526 figura
631 2481 663 2515 est
677 2471 772 2528 corporis
786 2481 808 2514 et
822 2470 933 2525 sanguinis

145 2543 230 2587 aomina
240 2545 310 2588 nostri
320 2545 367 2588 iesu
378 2544 459 2588 emsa.
851 2540 853 2545 ’
948 2532 950 2536 ’

173 2618 226 2662 Ord.
244 2630 310 2673 322:
329 2619 428 2673 Quorum
445 2618 577 2662 oblationem
594 2619 730 2663 benedictam
747 2628 816 2662 ratam
834 2628 934 2676 accepta-

144 2690 256 2754 bilemque
270 2692 340 2736 facere
355 2692 448 2747 digneris
464 2706 518 2747 quae
533 2702 565 2735 est
579 2693 649 2747 imago
664 2703 686 2736 et
700 2693 820 2754 similitudo
834 2691 933 2754 corporis

143 2753 165 2808 et
177 2766 287 2820 sanguinis
299 2766 362 2809 ihesu
374 2765 448 2809 christi
459 2765 498 2808 filii
510 2765 542 2809 tui
554 2766 637 2810 domini
648 2767 790 2823 redemptoris
802 2756 887 2809 nostri.

161 2840 233 2883 Mor.
243 2854 265 2882 n.
277 2851 330 2895 1440
340 2853 345 2883 ε
356 2836 479 2883 Memorare
488 2839 553 2883 etiam
562 2853 691 2895 quaesumus
701 2841 789 2884 domine
797 2840 933 2883 famulorum

143 2922 233 2957 tuorum
248 2927 343 2969 quorum
357 2914 490 2957 oblationem
504 2913 640 2957 benedictam
654 2924 723 2958 ratam
738 2914 934 2968 rationabilemque

143 2986 214 3031 facere
225 2987 319 3042 digneris
331 3001 385 3042 quae
396 2997 428 3030 est
437 2987 508 3041 imago
519 2996 541 3030 ct
549 2987 669 3040 *similitudo
681 2989 776 3045 corporis
786 2997 809 3031 et
819 2986 931 3042 sanguinis

144 3060 208 3104 ihesu
217 3061 295 3105 christi
308 3061 347 3104 filii
358 3061 392 3105 tui
405 3061 487 3105 domini
500 3074 525 3104 ac
537 3062 678 3117 redemptoris
691 3062 766 3106 nostri.
786 3094 788 3098 Α
