<?xml version="1.0" encoding="UTF-8"?>
<!DOCTYPE html PUBLIC "-//W3C//DTD XHTML 1.0 Transitional//EN"
    "http://www.w3.org/TR/xhtml1/DTD/xhtml1-transitional.dtd">
<html xmlns="http://www.w3.org/1999/xhtml" xml:lang="en" lang="en">
 <head>
  <title>
</title>
<meta http-equiv="Content-Type" content="text/html;charset=utf-8" />
  <meta name='ocr-system' content='tesseract 3.04.00' />
  <meta name='ocr-capabilities' content='ocr_page ocr_carea ocr_par ocr_line ocrx_word'/>
</head>
<body>
  <div class='ocr_page' id='page_1' title='image "MN42035ucmf_1_0061.png"; bbox 0 0 2243 3499; ppageno 0'>
   <div class='ocr_carea' id='block_1_1' title="bbox 439 189 936 253">
    <p class='ocr_par' dir='ltr' id='par_1_1' title="bbox 439 189 936 253">
     <span class='ocr_line' id='line_1_1' title="bbox 439 189 936 253; baseline -0.004 -12"><span class='ocrx_word' id='word_1_1' title='bbox 439 206 521 242; x_wconf 75' lang='lat' dir='ltr'><strong>cauom</strong></span> <span class='ocrx_word' id='word_1_2' title='bbox 536 189 648 241; x_wconf 76' lang='lat' dir='ltr'><strong>acrrorus</strong></span> <span class='ocrx_word' id='word_1_3' title='bbox 704 235 705 238; x_wconf 74' lang='grc'><strong>,</strong></span> <span class='ocrx_word' id='word_1_4' title='bbox 748 238 751 242; x_wconf 78' lang='grc'><strong>,</strong></span> <span class='ocrx_word' id='word_1_5' title='bbox 907 204 936 253; x_wconf 78' lang='grc'><strong>45</strong></span> 
     </span>
    </p>
   </div>
   <div class='ocr_carea' id='block_1_2' title="bbox 81 308 973 535">
    <p class='ocr_par' dir='ltr' id='par_1_2' title="bbox 81 308 973 535">
     <span class='ocr_line' id='line_1_2' title="bbox 81 308 973 390; baseline 0 -20"><span class='ocrx_word' id='word_1_6' title='bbox 81 334 83 336; x_wconf 73' lang='grc'>’</span> <span class='ocrx_word' id='word_1_7' title='bbox 146 330 242 390; x_wconf 57' lang='lat' dir='ltr'><strong>prenotata</strong></span> <span class='ocrx_word' id='word_1_8' title='bbox 254 331 277 369; x_wconf 82' lang='grc' dir='ltr'><strong>τὸ</strong></span> <span class='ocrx_word' id='word_1_9' title='bbox 289 331 342 380; x_wconf 80' lang='grc' dir='ltr'>ἅγιον</span> <span class='ocrx_word' id='word_1_10' title='bbox 354 331 391 370; x_wconf 80' lang='grc' dir='ltr'>-καὶ</span> <span class='ocrx_word' id='word_1_11' title='bbox 402 330 508 390; x_wconf 78' lang='grc' dir='ltr'>ἐπουράνιον</span> <span class='ocrx_word' id='word_1_12' title='bbox 524 331 557 370; x_wconf 76' lang='grc' dir='ltr'><strong>καὶ</strong></span> <span class='ocrx_word' id='word_1_13' title='bbox 568 330 633 379; x_wconf 69' lang='grc' dir='ltr'><strong>νοερόν,</strong></span> <span class='ocrx_word' id='word_1_14' title='bbox 644 344 678 368; x_wconf 87' lang='grc' dir='ltr'>σου</span> <span class='ocrx_word' id='word_1_15' title='bbox 695 329 824 379; x_wconf 71' lang='grc' dir='ltr'>θυσιαστήριον</span> <span class='ocrx_word' id='word_1_16' title='bbox 836 308 940 380; x_wconf 24' lang='grc' dir='ltr'>εῑςὶὸσμὴν</span> <span class='ocrx_word' id='word_1_17' title='bbox 960 363 973 388; x_wconf 72' lang='lat'><strong>·².</strong></span> 
     </span>
     <span class='ocr_line' id='line_1_3' title="bbox 146 395 949 466; baseline -0.001 -23"><span class='ocrx_word' id='word_1_18' title='bbox 146 404 228 462; x_wconf 70' lang='grc' dir='ltr'>εὐωδίας</span> <span class='ocrx_word' id='word_1_19' title='bbox 236 403 397 453; x_wconf 80' lang='grc' dir='ltr'>ἀντικατάπεμψον</span> <span class='ocrx_word' id='word_1_20' title='bbox 405 404 448 453; x_wconf 82' lang='grc' dir='ltr'>ὑμῖν</span> <span class='ocrx_word' id='word_1_21' title='bbox 456 404 489 454; x_wconf 68' lang='grc' dir='ltr'><strong>τὴν</strong></span> <span class='ocrx_word' id='word_1_22' title='bbox 501 405 554 454; x_wconf 82' lang='grc' dir='ltr'>χάριν</span> <span class='ocrx_word' id='word_1_23' title='bbox 562 407 595 443; x_wconf 84' lang='grc' dir='ltr'><strong>τοῦ</strong></span> <span class='ocrx_word' id='word_1_24' title='bbox 608 404 662 453; x_wconf 84' lang='grc' dir='ltr'><strong>ἁγίου</strong></span> <span class='ocrx_word' id='word_1_25' title='bbox 675 417 709 466; x_wconf 84' lang='grc' dir='ltr'>σου</span> <span class='ocrx_word' id='word_1_26' title='bbox 722 404 830 464; x_wconf 79' lang='grc' dir='ltr'>πνεύματος,</span> <span class='ocrx_word' id='word_1_27' title='bbox 839 403 938 457; x_wconf 57' lang='lat' dir='ltr'><strong>eripitque</strong></span> <span class='ocrx_word' id='word_1_28' title='bbox 948 395 949 398; x_wconf 26' lang='lat'>¹</span> 
     </span>
     <span class='ocr_line' id='line_1_4' title="bbox 146 476 937 535; baseline -0.003 -18"><span class='ocrx_word' id='word_1_29' title='bbox 146 477 179 535; x_wconf 58' lang='grc' dir='ltr'><strong>ἐφ’</strong></span> <span class='ocrx_word' id='word_1_30' title='bbox 192 478 274 532; x_wconf 57' lang='lat' dir='ltr'><strong>quisq...</strong></span> <span class='ocrx_word' id='word_1_31' title='bbox 287 478 320 523; x_wconf 80' lang='grc' dir='ltr'><strong>καὶ</strong></span> <span class='ocrx_word' id='word_1_32' title='bbox 331 477 432 527; x_wconf 81' lang='grc' dir='ltr'>πρόσδεξαι</span> <span class='ocrx_word' id='word_1_33' title='bbox 443 477 501 527; x_wconf 74' lang='grc' dir='ltr'>αὐτὴν</span> <span class='ocrx_word' id='word_1_34' title='bbox 513 478 540 523; x_wconf 84' lang='grc' dir='ltr'><strong>ὡς</strong></span> <span class='ocrx_word' id='word_1_35' title='bbox 552 477 659 526; x_wconf 74' lang='grc' dir='ltr'>προσεδέξω</span> <span class='ocrx_word' id='word_1_36' title='bbox 671 477 733 526; x_wconf 79' lang='grc' dir='ltr'>’Άβελ</span> <span class='ocrx_word' id='word_1_37' title='bbox 744 476 769 515; x_wconf 81' lang='grc' dir='ltr'><strong>τὰ</strong></span> <span class='ocrx_word' id='word_1_38' title='bbox 782 476 834 525; x_wconf 72' lang='grc' dir='ltr'>δῶρα</span> <span class='ocrx_word' id='word_1_39' title='bbox 846 476 937 523; x_wconf 64' lang='lat' dir='ltr'><strong>Nareae</strong></span> 
     </span>
    </p>
   </div>
   <div class='ocr_carea' id='block_1_3' title="bbox 146 544 939 684">
    <p class='ocr_par' dir='ltr' id='par_1_3' title="bbox 146 544 939 684">
     <span class='ocr_line' id='line_1_5' title="bbox 146 544 927 609; baseline 0 -19"><span class='ocrx_word' id='word_1_40' title='bbox 146 551 214 597; x_wconf 80' lang='grc' dir='ltr'>θυσίας</span> <span class='ocrx_word' id='word_1_41' title='bbox 223 551 310 601; x_wconf 77' lang='grc' dir='ltr'>Ἀβραὰμ</span> <span class='ocrx_word' id='word_1_42' title='bbox 318 552 351 597; x_wconf 85' lang='grc' dir='ltr'><strong>τὰς</strong></span> <span class='ocrx_word' id='word_1_43' title='bbox 359 544 504 604; x_wconf 83' lang='grc' dir='ltr'>ὁλοκαρπώσεις.</span> <span class='ocrx_word' id='word_1_44' title='bbox 849 593 850 596; x_wconf 11' lang='grc' dir='ltr'><strong>Ἰ</strong></span> <span class='ocrx_word' id='word_1_45' title='bbox 926 606 927 609; x_wconf 11' lang='lat'>¹</span> 
     </span>
     <span class='ocr_line' id='line_1_6' title="bbox 146 615 939 684; baseline -0.003 -16"><span class='ocrx_word' id='word_1_46' title='bbox 146 674 149 679; x_wconf 41' lang='grc'><strong>,</strong></span> <span class='ocrx_word' id='word_1_47' title='bbox 175 620 240 677; x_wconf 65' lang='grc' dir='ltr'><strong>Μοπζι</strong></span> <span class='ocrx_word' id='word_1_48' title='bbox 252 638 275 668; x_wconf 90' lang='lat' dir='ltr'><strong>n.</strong></span> <span class='ocrx_word' id='word_1_49' title='bbox 289 636 317 681; x_wconf 84' lang='lat'><strong>34</strong></span> <span class='ocrx_word' id='word_1_50' title='bbox 329 618 337 668; x_wconf 51' lang='lat' dir='ltr'><strong>¹z</strong></span> <span class='ocrx_word' id='word_1_51' title='bbox 351 626 391 669; x_wconf 88' lang='lat' dir='ltr'><strong>Per</strong></span> <span class='ocrx_word' id='word_1_52' title='bbox 403 625 478 681; x_wconf 91' lang='lat' dir='ltr'><strong>ipsum</strong></span> <span class='ocrx_word' id='word_1_53' title='bbox 490 634 512 668; x_wconf 92' lang='lat' dir='ltr'><strong>te</strong></span> <span class='ocrx_word' id='word_1_54' title='bbox 526 637 576 679; x_wconf 85' lang='lat' dir='ltr'><strong>ergo</strong></span> <span class='ocrx_word' id='word_1_55' title='bbox 590 637 675 668; x_wconf 86' lang='lat' dir='ltr'><strong>summe</strong></span> <span class='ocrx_word' id='word_1_56' title='bbox 689 632 750 681; x_wconf 88' lang='lat' dir='ltr'><strong>pater</strong></span> <span class='ocrx_word' id='word_1_57' title='bbox 763 615 899 684; x_wconf 77' lang='lat' dir='ltr'><strong>exposcimus</strong></span> <span class='ocrx_word' id='word_1_58' title='bbox 914 632 939 667; x_wconf 92' lang='lat' dir='ltr'><strong>ut</strong></span> 
     </span>
    </p>
   </div>
   <div class='ocr_carea' id='block_1_4' title="bbox 143 697 939 976">
    <p class='ocr_par' dir='ltr' id='par_1_4' title="bbox 143 697 974 976">
     <span class='ocr_line' id='line_1_7' title="bbox 146 697 938 759; baseline -0.001 -18"><span class='ocrx_word' id='word_1_59' title='bbox 146 698 171 759; x_wconf 87' lang='lat' dir='ltr'><strong>in</strong></span> <span class='ocrx_word' id='word_1_60' title='bbox 187 699 247 742; x_wconf 86' lang='lat' dir='ltr'><strong>hanc</strong></span> <span class='ocrx_word' id='word_1_61' title='bbox 260 708 298 742; x_wconf 91' lang='lat' dir='ltr'><strong>tue</strong></span> <span class='ocrx_word' id='word_1_62' title='bbox 315 697 441 755; x_wconf 73' lang='lat' dir='ltr'><strong>placationis</strong></span> <span class='ocrx_word' id='word_1_63' title='bbox 458 698 553 742; x_wconf 84' lang='lat' dir='ltr'><strong>hostiam</strong></span> <span class='ocrx_word' id='word_1_64' title='bbox 569 711 636 753; x_wconf 88' lang='lat' dir='ltr'><strong>quam</strong></span> <span class='ocrx_word' id='word_1_65' title='bbox 651 698 692 742; x_wconf 90' lang='lat' dir='ltr'><strong>tibi</strong></span> <span class='ocrx_word' id='word_1_66' title='bbox 708 698 821 742; x_wconf 86' lang='lat' dir='ltr'><strong>offerimus</strong></span> <span class='ocrx_word' id='word_1_67' title='bbox 838 697 938 750; x_wconf 85' lang='lat' dir='ltr'><strong>manibus</strong></span> 
     </span>
     <span class='ocr_line' id='line_1_8' title="bbox 143 760 939 835; baseline -0.001 -20"><span class='ocrx_word' id='word_1_68' title='bbox 143 772 227 835; x_wconf 84' lang='lat' dir='ltr'><strong>nostris</strong></span> <span class='ocrx_word' id='word_1_69' title='bbox 241 773 342 834; x_wconf 86' lang='lat' dir='ltr'><strong>placatus</strong></span> <span class='ocrx_word' id='word_1_70' title='bbox 359 772 450 828; x_wconf 86' lang='lat' dir='ltr'><strong>accipias</strong></span> <span class='ocrx_word' id='word_1_71' title='bbox 468 785 559 827; x_wconf 86' lang='lat' dir='ltr'><strong>eamque</strong></span> <span class='ocrx_word' id='word_1_72' title='bbox 577 772 604 815; x_wconf 93' lang='lat' dir='ltr'><strong>de</strong></span> <span class='ocrx_word' id='word_1_73' title='bbox 622 771 687 815; x_wconf 89' lang='lat' dir='ltr'><strong>celica</strong></span> <span class='ocrx_word' id='word_1_74' title='bbox 705 771 755 815; x_wconf 90' lang='lat' dir='ltr'><strong>sede</strong></span> <span class='ocrx_word' id='word_1_75' title='bbox 773 763 856 827; x_wconf 88' lang='lat' dir='ltr'><strong>placato</strong></span> <span class='ocrx_word' id='word_1_76' title='bbox 873 760 939 814; x_wconf 43' lang='lat' dir='ltr'><strong>&#39;uultu</strong></span> 
     </span>
     <span class='ocr_line' id='line_1_9' title="bbox 145 835 937 901; baseline -0.003 -12"><span class='ocrx_word' id='word_1_77' title='bbox 145 841 267 901; x_wconf 82' lang='lat' dir='ltr'><strong>respiciens</strong></span> <span class='ocrx_word' id='word_1_78' title='bbox 279 845 395 890; x_wconf 86' lang='lat' dir='ltr'><strong>benedicas</strong></span> <span class='ocrx_word' id='word_1_79' title='bbox 411 858 416 888; x_wconf 92' lang='lat'><strong>:</strong></span> <span class='ocrx_word' id='word_1_80' title='bbox 431 849 456 889; x_wconf 87' lang='lat' dir='ltr'><strong>ut</strong></span> <span class='ocrx_word' id='word_1_81' title='bbox 470 855 579 901; x_wconf 88' lang='lat' dir='ltr'><strong>quotquot</strong></span> <span class='ocrx_word' id='word_1_82' title='bbox 593 858 619 889; x_wconf 81' lang='lat' dir='ltr'><strong>ex</strong></span> <span class='ocrx_word' id='word_1_83' title='bbox 633 845 679 889; x_wconf 91' lang='lat' dir='ltr'><strong>eius</strong></span> <span class='ocrx_word' id='word_1_84' title='bbox 694 853 785 901; x_wconf 89' lang='lat' dir='ltr'><strong>sumptu</strong></span> <span class='ocrx_word' id='word_1_85' title='bbox 797 835 937 889; x_wconf 87' lang='lat' dir='ltr'><strong>libauerimus</strong></span> 
     </span>
     <span class='ocr_line' id='line_1_10' title="bbox 145 918 834 976; baseline -0.003 -13"><span class='ocrx_word' id='word_1_86' title='bbox 145 918 296 963; x_wconf 82' lang='lat' dir='ltr'><strong>salubritatem</strong></span> <span class='ocrx_word' id='word_1_87' title='bbox 305 933 331 963; x_wconf 90' lang='lat' dir='ltr'><strong>ac</strong></span> <span class='ocrx_word' id='word_1_88' title='bbox 340 919 462 963; x_wconf 91' lang='lat' dir='ltr'><strong>remedium</strong></span> <span class='ocrx_word' id='word_1_89' title='bbox 471 920 555 963; x_wconf 86' lang='lat' dir='ltr'><strong>animae</strong></span> <span class='ocrx_word' id='word_1_90' title='bbox 565 928 587 962; x_wconf 92' lang='lat' dir='ltr'><strong>et</strong></span> <span class='ocrx_word' id='word_1_91' title='bbox 597 919 692 976; x_wconf 88' lang='lat' dir='ltr'><strong>corporis</strong></span> <span class='ocrx_word' id='word_1_92' title='bbox 703 918 834 962; x_wconf 86' lang='lat' dir='ltr'><strong>hauriamus.</strong></span> 
     </span>
    </p>
   </div>
   <div class='ocr_carea' id='block_1_5' title="bbox 514 1028 583 1076">
    <p class='ocr_par' dir='ltr' id='par_1_5' title="bbox 514 1028 583 1076">
     <span class='ocr_line' id='line_1_11' title="bbox 514 1028 583 1076; baseline 0 -6"><span class='ocrx_word' id='word_1_93' title='bbox 514 1028 583 1076; x_wconf 59' lang='grc' dir='ltr'><strong>ΧΙῙΙ,</strong></span> 
     </span>
    </p>
   </div>
   <div class='ocr_carea' id='block_1_6' title="bbox 140 1111 972 3087">
    <p class='ocr_par' dir='ltr' id='par_1_6' title="bbox 143 1111 972 1902">
     <span class='ocr_line' id='line_1_12' title="bbox 174 1111 972 1170; baseline -0.001 -15"><span class='ocrx_word' id='word_1_94' title='bbox 174 1112 328 1164; x_wconf 79' lang='lat' dir='ltr'><strong>Auousrruus,</strong></span> <span class='ocrx_word' id='word_1_95' title='bbox 342 1113 375 1155; x_wconf 88' lang='lat' dir='ltr'><strong>De</strong></span> <span class='ocrx_word' id='word_1_96' title='bbox 389 1113 428 1156; x_wconf 83' lang='lat' dir='ltr'><strong>civ.</strong></span> <span class='ocrx_word' id='word_1_97' title='bbox 443 1113 486 1164; x_wconf 80' lang='lat' dir='ltr'><strong>Dei</strong></span> <span class='ocrx_word' id='word_1_98' title='bbox 498 1123 533 1164; x_wconf 90' lang='lat'><strong>20,</strong></span> <span class='ocrx_word' id='word_1_99' title='bbox 548 1124 561 1166; x_wconf 91' lang='lat'><strong>9</strong></span> <span class='ocrx_word' id='word_1_100' title='bbox 577 1113 661 1170; x_wconf 83' lang='lat' dir='ltr'><em>(CSEL</em></span> <span class='ocrx_word' id='word_1_101' title='bbox 675 1124 711 1168; x_wconf 87' lang='lat'><strong>40,</strong></span> <span class='ocrx_word' id='word_1_102' title='bbox 725 1111 748 1166; x_wconf 87' lang='lat'><strong>2)</strong></span> <span class='ocrx_word' id='word_1_103' title='bbox 764 1125 769 1154; x_wconf 95' lang='lat'><strong>:</strong></span> <span class='ocrx_word' id='word_1_104' title='bbox 785 1112 863 1167; x_wconf 88' lang='lat' dir='ltr'><strong>Neque</strong></span> <span class='ocrx_word' id='word_1_105' title='bbox 878 1111 938 1154; x_wconf 87' lang='lat' dir='ltr'><strong>enim</strong></span> <span class='ocrx_word' id='word_1_106' title='bbox 970 1156 972 1160; x_wconf 73' lang='grc'><strong>,</strong></span> 
     </span>
     <span class='ocr_line' id='line_1_13' title="bbox 146 1185 937 1243; baseline -0.001 -14"><span class='ocrx_word' id='word_1_107' title='bbox 146 1186 236 1242; x_wconf 88' lang='lat' dir='ltr'><strong>piorum</strong></span> <span class='ocrx_word' id='word_1_108' title='bbox 253 1186 337 1243; x_wconf 86' lang='lat' dir='ltr'><strong>animae</strong></span> <span class='ocrx_word' id='word_1_109' title='bbox 355 1196 491 1230; x_wconf 90' lang='lat' dir='ltr'><strong>mortuorum</strong></span> <span class='ocrx_word' id='word_1_110' title='bbox 508 1195 635 1243; x_wconf 85' lang='lat' dir='ltr'><strong>separantur</strong></span> <span class='ocrx_word' id='word_1_111' title='bbox 652 1185 680 1229; x_wconf 89' lang='lat' dir='ltr'><strong>ab</strong></span> <span class='ocrx_word' id='word_1_112' title='bbox 698 1185 787 1229; x_wconf 86' lang='lat' dir='ltr'><strong>ecclesia</strong></span> <span class='ocrx_word' id='word_1_113' title='bbox 805 1198 860 1240; x_wconf 90' lang='lat' dir='ltr'><strong>quae</strong></span> <span class='ocrx_word' id='word_1_114' title='bbox 878 1198 937 1229; x_wconf 90' lang='lat' dir='ltr'><strong>nunc</strong></span> 
     </span>
     <span class='ocr_line' id='line_1_14' title="bbox 146 1259 938 1317; baseline 0 -15"><span class='ocrx_word' id='word_1_115' title='bbox 146 1259 213 1302; x_wconf 88' lang='lat' dir='ltr'><strong>etiam</strong></span> <span class='ocrx_word' id='word_1_116' title='bbox 223 1268 257 1302; x_wconf 91' lang='lat' dir='ltr'><strong>est</strong></span> <span class='ocrx_word' id='word_1_117' title='bbox 267 1272 359 1313; x_wconf 85' lang='lat' dir='ltr'><strong>regnum</strong></span> <span class='ocrx_word' id='word_1_118' title='bbox 370 1259 451 1303; x_wconf 88' lang='lat' dir='ltr'><strong>christi.</strong></span> <span class='ocrx_word' id='word_1_119' title='bbox 463 1260 567 1315; x_wconf 83' lang='lat' dir='ltr'><strong>Alioquin</strong></span> <span class='ocrx_word' id='word_1_120' title='bbox 578 1273 618 1303; x_wconf 90' lang='lat' dir='ltr'><strong>nec</strong></span> <span class='ocrx_word' id='word_1_121' title='bbox 628 1260 656 1302; x_wconf 90' lang='lat' dir='ltr'><strong>ad</strong></span> <span class='ocrx_word' id='word_1_122' title='bbox 667 1260 732 1317; x_wconf 79' lang='lat' dir='ltr'><strong>altare</strong></span> <span class='ocrx_word' id='word_1_123' title='bbox 744 1259 779 1317; x_wconf 82' lang='lat' dir='ltr'><strong>dei</strong></span> <span class='ocrx_word' id='word_1_124' title='bbox 790 1259 850 1302; x_wconf 87' lang='lat' dir='ltr'><strong>fieret</strong></span> <span class='ocrx_word' id='word_1_125' title='bbox 861 1272 938 1302; x_wconf 88' lang='lat' dir='ltr'><strong>eorum</strong></span> 
     </span>
     <span class='ocr_line' id='line_1_15' title="bbox 146 1332 938 1389; baseline 0 -14"><span class='ocrx_word' id='word_1_126' title='bbox 146 1333 251 1376; x_wconf 88' lang='lat' dir='ltr'><strong>memoria</strong></span> <span class='ocrx_word' id='word_1_127' title='bbox 258 1333 282 1376; x_wconf 88' lang='lat' dir='ltr'><strong>in</strong></span> <span class='ocrx_word' id='word_1_128' title='bbox 291 1333 485 1377; x_wconf 85' lang='lat' dir='ltr'><strong>communicatione</strong></span> <span class='ocrx_word' id='word_1_129' title='bbox 494 1334 589 1389; x_wconf 87' lang='lat' dir='ltr'><strong>corporis</strong></span> <span class='ocrx_word' id='word_1_130' title='bbox 598 1333 679 1376; x_wconf 87' lang='lat' dir='ltr'><strong>christi.</strong></span> <span class='ocrx_word' id='word_1_131' title='bbox 689 1334 761 1376; x_wconf 87' lang='lat' dir='ltr'><strong>Sermo</strong></span> <span class='ocrx_word' id='word_1_132' title='bbox 771 1343 818 1387; x_wconf 81' lang='lat'>159,</span> <span class='ocrx_word' id='word_1_133' title='bbox 828 1344 838 1375; x_wconf 95' lang='lat'>1</span> <span class='ocrx_word' id='word_1_134' title='bbox 849 1332 893 1388; x_wconf 91' lang='lat' dir='ltr'><strong>(PL</strong></span> <span class='ocrx_word' id='word_1_135' title='bbox 902 1334 938 1387; x_wconf 78' lang='lat'><strong>38,</strong></span> 
     </span>
     <span class='ocr_line' id='line_1_16' title="bbox 145 1400 972 1463; baseline -0.002 -13"><span class='ocrx_word' id='word_1_136' title='bbox 145 1405 197 1461; x_wconf 88' lang='lat'><strong>868)</strong></span> <span class='ocrx_word' id='word_1_137' title='bbox 207 1419 213 1449; x_wconf 91' lang='lat'>:</span> <span class='ocrx_word' id='word_1_138' title='bbox 222 1405 319 1463; x_wconf 86' lang='lat' dir='ltr'><strong>Ideoque</strong></span> <span class='ocrx_word' id='word_1_139' title='bbox 328 1407 394 1450; x_wconf 91' lang='lat' dir='ltr'><strong>habet</strong></span> <span class='ocrx_word' id='word_1_140' title='bbox 403 1407 544 1455; x_wconf 87' lang='lat' dir='ltr'><strong>ecclesiastica</strong></span> <span class='ocrx_word' id='word_1_141' title='bbox 553 1407 667 1463; x_wconf 87' lang='lat' dir='ltr'><strong>disciplina</strong></span> <span class='ocrx_word' id='word_1_142' title='bbox 676 1407 737 1463; x_wconf 88' lang='lat' dir='ltr'><strong>quod</strong></span> <span class='ocrx_word' id='word_1_143' title='bbox 745 1406 819 1450; x_wconf 89' lang='lat' dir='ltr'><strong>fideles</strong></span> <span class='ocrx_word' id='word_1_144' title='bbox 828 1409 944 1449; x_wconf 79' lang='lat' dir='ltr'><strong>nonerunt</strong></span> <span class='ocrx_word' id='word_1_145' title='bbox 970 1400 972 1402; x_wconf 60' lang='grc'><strong><em>’</em></strong></span> 
     </span>
     <span class='ocr_line' id='line_1_17' title="bbox 146 1479 937 1536; baseline 0 -14"><span class='ocrx_word' id='word_1_146' title='bbox 146 1492 198 1522; x_wconf 90' lang='lat' dir='ltr'><strong>cum</strong></span> <span class='ocrx_word' id='word_1_147' title='bbox 204 1489 308 1535; x_wconf 87' lang='lat' dir='ltr'><strong>martyres</strong></span> <span class='ocrx_word' id='word_1_148' title='bbox 315 1493 341 1523; x_wconf 87' lang='lat' dir='ltr'><strong>eo</strong></span> <span class='ocrx_word' id='word_1_149' title='bbox 347 1481 396 1523; x_wconf 90' lang='lat' dir='ltr'><strong>loco</strong></span> <span class='ocrx_word' id='word_1_150' title='bbox 402 1480 519 1524; x_wconf 88' lang='lat' dir='ltr'><strong>recitantur</strong></span> <span class='ocrx_word' id='word_1_151' title='bbox 526 1480 554 1524; x_wconf 92' lang='lat' dir='ltr'><strong>ad</strong></span> <span class='ocrx_word' id='word_1_152' title='bbox 561 1481 625 1524; x_wconf 88' lang='lat' dir='ltr'><strong>altare</strong></span> <span class='ocrx_word' id='word_1_153' title='bbox 633 1479 668 1524; x_wconf 89' lang='lat' dir='ltr'><strong>dei</strong></span> <span class='ocrx_word' id='word_1_154' title='bbox 675 1480 713 1524; x_wconf 92' lang='lat' dir='ltr'><strong>ubi</strong></span> <span class='ocrx_word' id='word_1_155' title='bbox 720 1494 765 1523; x_wconf 90' lang='lat' dir='ltr'><strong>non</strong></span> <span class='ocrx_word' id='word_1_156' title='bbox 771 1493 811 1536; x_wconf 87' lang='lat' dir='ltr'><strong>pro</strong></span> <span class='ocrx_word' id='word_1_157' title='bbox 818 1480 848 1523; x_wconf 91' lang='lat' dir='ltr'><strong>eis</strong></span> <span class='ocrx_word' id='word_1_158' title='bbox 856 1489 937 1531; x_wconf 86' lang='lat' dir='ltr'><strong>oretur,</strong></span> 
     </span>
     <span class='ocr_line' id='line_1_18' title="bbox 143 1548 937 1609; baseline -0.001 -13"><span class='ocrx_word' id='word_1_159' title='bbox 143 1566 185 1609; x_wconf 91' lang='lat' dir='ltr'><strong>pro</strong></span> <span class='ocrx_word' id='word_1_160' title='bbox 204 1548 294 1597; x_wconf 88' lang='lat' dir='ltr'><strong>caeteris</strong></span> <span class='ocrx_word' id='word_1_161' title='bbox 313 1562 387 1597; x_wconf 91' lang='lat' dir='ltr'><strong>autem</strong></span> <span class='ocrx_word' id='word_1_162' title='bbox 405 1554 578 1604; x_wconf 80' lang='lat' dir='ltr'><strong>commemoratis</strong></span> <span class='ocrx_word' id='word_1_163' title='bbox 597 1554 705 1597; x_wconf 88' lang='lat' dir='ltr'><strong>defunctis</strong></span> <span class='ocrx_word' id='word_1_164' title='bbox 724 1563 805 1597; x_wconf 84' lang='lat' dir='ltr'><strong>oratur.</strong></span> <span class='ocrx_word' id='word_1_165' title='bbox 827 1554 937 1597; x_wconf 83' lang='lat' dir='ltr'><strong>Tractatus</strong></span> 
     </span>
     <span class='ocr_line' id='line_1_19' title="bbox 144 1626 937 1684; baseline -0.001 -14"><span class='ocrx_word' id='word_1_166' title='bbox 144 1627 167 1670; x_wconf 84' lang='lat' dir='ltr'><strong>in</strong></span> <span class='ocrx_word' id='word_1_167' title='bbox 175 1627 200 1669; x_wconf 86' lang='lat' dir='ltr'><strong>Io</strong></span> <span class='ocrx_word' id='word_1_168' title='bbox 210 1629 246 1681; x_wconf 87' lang='lat'><strong>84,</strong></span> <span class='ocrx_word' id='word_1_169' title='bbox 258 1639 268 1670; x_wconf 96' lang='lat'>1</span> <span class='ocrx_word' id='word_1_170' title='bbox 280 1627 325 1683; x_wconf 87' lang='lat' dir='ltr'><strong>(PL</strong></span> <span class='ocrx_word' id='word_1_171' title='bbox 334 1638 370 1682; x_wconf 85' lang='lat'><strong>34,</strong></span> <span class='ocrx_word' id='word_1_172' title='bbox 382 1627 444 1682; x_wconf 87' lang='lat'>1847)</span> <span class='ocrx_word' id='word_1_173' title='bbox 456 1640 461 1671; x_wconf 91' lang='lat'>:</span> <span class='ocrx_word' id='word_1_174' title='bbox 471 1628 524 1671; x_wconf 93' lang='lat' dir='ltr'><strong>Ideo</strong></span> <span class='ocrx_word' id='word_1_175' title='bbox 534 1628 616 1684; x_wconf 90' lang='lat' dir='ltr'><strong>quippe</strong></span> <span class='ocrx_word' id='word_1_176' title='bbox 626 1627 735 1683; x_wconf 75' lang='lat' dir='ltr'><strong>adipeam</strong></span> <span class='ocrx_word' id='word_1_177' title='bbox 744 1640 842 1670; x_wconf 90' lang='lat' dir='ltr'><strong>mensam</strong></span> <span class='ocrx_word' id='word_1_178' title='bbox 851 1640 896 1670; x_wconf 90' lang='lat' dir='ltr'><strong>non</strong></span> <span class='ocrx_word' id='word_1_179' title='bbox 905 1626 937 1670; x_wconf 89' lang='lat' dir='ltr'><strong>sic</strong></span> 
     </span>
     <span class='ocr_line' id='line_1_20' title="bbox 144 1700 937 1756; baseline -0.001 -13"><span class='ocrx_word' id='word_1_180' title='bbox 144 1713 181 1743; x_wconf 90' lang='lat' dir='ltr'><strong>eos</strong></span> <span class='ocrx_word' id='word_1_181' title='bbox 194 1700 317 1755; x_wconf 86' lang='lat' dir='ltr'><strong>(martyres)</strong></span> <span class='ocrx_word' id='word_1_182' title='bbox 330 1714 524 1745; x_wconf 88' lang='lat' dir='ltr'><strong>commemoramus</strong></span> <span class='ocrx_word' id='word_1_183' title='bbox 537 1701 723 1756; x_wconf 87' lang='lat' dir='ltr'><strong>quemadmodum</strong></span> <span class='ocrx_word' id='word_1_184' title='bbox 734 1701 786 1744; x_wconf 85' lang='lat' dir='ltr'><strong>ahos</strong></span> <span class='ocrx_word' id='word_1_185' title='bbox 799 1700 872 1755; x_wconf 90' lang='lat' dir='ltr'><strong>quiin</strong></span> <span class='ocrx_word' id='word_1_186' title='bbox 884 1712 937 1756; x_wconf 87' lang='lat' dir='ltr'><strong>pace</strong></span> 
     </span>
     <span class='ocr_line' id='line_1_21' title="bbox 143 1773 936 1837; baseline 0 -21"><span class='ocrx_word' id='word_1_187' title='bbox 143 1773 284 1837; x_wconf 79' lang='lat' dir='ltr'><strong>requiescunt</strong></span> <span class='ocrx_word' id='word_1_188' title='bbox 295 1784 320 1818; x_wconf 93' lang='lat' dir='ltr'><strong>ut</strong></span> <span class='ocrx_word' id='word_1_189' title='bbox 330 1774 397 1817; x_wconf 88' lang='lat' dir='ltr'><strong>etiam</strong></span> <span class='ocrx_word' id='word_1_190' title='bbox 407 1788 446 1831; x_wconf 87' lang='lat' dir='ltr'><strong>pro</strong></span> <span class='ocrx_word' id='word_1_191' title='bbox 457 1775 487 1817; x_wconf 90' lang='lat' dir='ltr'><strong>eis</strong></span> <span class='ocrx_word' id='word_1_192' title='bbox 499 1788 594 1826; x_wconf 89' lang='lat' dir='ltr'><strong>oremus,</strong></span> <span class='ocrx_word' id='word_1_193' title='bbox 605 1774 644 1818; x_wconf 91' lang='lat' dir='ltr'><strong>sed</strong></span> <span class='ocrx_word' id='word_1_194' title='bbox 655 1775 722 1829; x_wconf 85' lang='lat' dir='ltr'><strong>magis</strong></span> <span class='ocrx_word' id='word_1_195' title='bbox 734 1784 759 1817; x_wconf 92' lang='lat' dir='ltr'><strong>ut</strong></span> <span class='ocrx_word' id='word_1_196' title='bbox 768 1774 811 1831; x_wconf 91' lang='lat' dir='ltr'><strong>ipsi</strong></span> <span class='ocrx_word' id='word_1_197' title='bbox 822 1773 936 1830; x_wconf 85' lang='lat' dir='ltr'><strong>ptonobis</strong></span> 
     </span>
     <span class='ocr_line' id='line_1_22' title="bbox 144 1847 606 1902; baseline 0.002 -12"><span class='ocrx_word' id='word_1_198' title='bbox 144 1856 258 1890; x_wconf 87' lang='lat' dir='ltr'><strong>uteorum</strong></span> <span class='ocrx_word' id='word_1_199' title='bbox 268 1847 365 1902; x_wconf 85' lang='lat' dir='ltr'><strong>uestigiis</strong></span> <span class='ocrx_word' id='word_1_200' title='bbox 377 1849 537 1901; x_wconf 86' lang='lat' dir='ltr'><strong>adhaereamus.</strong></span> <span class='ocrx_word' id='word_1_201' title='bbox 604 1848 606 1854; x_wconf 83' lang='lat'>&#39;</span> 
     </span>
    </p>

    <p class='ocr_par' dir='ltr' id='par_1_7' title="bbox 142 1924 936 2271">
     <span class='ocr_line' id='line_1_23' title="bbox 173 1924 936 1980; baseline -0.005 -12"><span class='ocrx_word' id='word_1_202' title='bbox 173 1924 243 1967; x_wconf 81' lang='lat' dir='ltr'><strong>Consi.</strong></span> <span class='ocrx_word' id='word_1_203' title='bbox 253 1924 328 1979; x_wconf 73' lang='lat' dir='ltr'><strong>Aponi.</strong></span> <span class='ocrx_word' id='word_1_204' title='bbox 338 1925 400 1977; x_wconf 86' lang='lat' dir='ltr'>VIII,</span> <span class='ocrx_word' id='word_1_205' title='bbox 412 1937 445 1980; x_wconf 83' lang='lat'><strong>13,</strong></span> <span class='ocrx_word' id='word_1_206' title='bbox 455 1927 468 1968; x_wconf 88' lang='lat'><strong>6</strong></span> <span class='ocrx_word' id='word_1_207' title='bbox 479 1938 485 1968; x_wconf 72' lang='grc' dir='ltr'>ι</span> <span class='ocrx_word' id='word_1_208' title='bbox 495 1928 538 1966; x_wconf 84' lang='grc' dir='ltr'><strong>Τῶν</strong></span> <span class='ocrx_word' id='word_1_209' title='bbox 546 1927 605 1976; x_wconf 80' lang='grc' dir='ltr'>ἁγίων</span> <span class='ocrx_word' id='word_1_210' title='bbox 614 1928 710 1976; x_wconf 74' lang='grc' dir='ltr'>μαρτύρων</span> <span class='ocrx_word' id='word_1_211' title='bbox 722 1928 876 1976; x_wconf 71' lang='grc' dir='ltr'>μνημονευσωμεν</span> <span class='ocrx_word' id='word_1_212' title='bbox 884 1926 936 1971; x_wconf 81' lang='grc' dir='ltr'>ὅπως</span> 
     </span>
     <span class='ocr_line' id='line_1_24' title="bbox 142 1999 935 2052; baseline 0 -15"><span class='ocrx_word' id='word_1_213' title='bbox 142 1999 229 2052; x_wconf 75' lang='grc' dir='ltr'>κοινωνοὶ</span> <span class='ocrx_word' id='word_1_214' title='bbox 236 1999 322 2049; x_wconf 82' lang='grc' dir='ltr'>γενέσθαι</span> <span class='ocrx_word' id='word_1_215' title='bbox 331 2003 365 2049; x_wconf 70' lang='grc' dir='ltr'><strong>τῆς</strong></span> <span class='ocrx_word' id='word_1_216' title='bbox 375 2000 470 2051; x_wconf 75' lang='grc' dir='ltr'>ἀθλήσεως</span> <span class='ocrx_word' id='word_1_217' title='bbox 480 2001 541 2039; x_wconf 78' lang='grc' dir='ltr'>αὐτῶν</span> <span class='ocrx_word' id='word_1_218' title='bbox 553 2001 698 2051; x_wconf 81' lang='grc' dir='ltr'>καταξιωθῶμεν</span> <span class='ocrx_word' id='word_1_219' title='bbox 712 2014 717 2025; x_wconf 88' lang='grc'><em>·</em></span> <span class='ocrx_word' id='word_1_220' title='bbox 733 2000 778 2050; x_wconf 79' lang='grc' dir='ltr'>ὑπὲρ</span> <span class='ocrx_word' id='word_1_221' title='bbox 791 2003 829 2038; x_wconf 84' lang='grc' dir='ltr'><strong>τῶν</strong></span> <span class='ocrx_word' id='word_1_222' title='bbox 841 2001 861 2038; x_wconf 83' lang='grc' dir='ltr'><strong>ἐν</strong></span> <span class='ocrx_word' id='word_1_223' title='bbox 873 1999 935 2038; x_wconf 83' lang='grc' dir='ltr'>πίστει</span> 
     </span>
     <span class='ocr_line' id='line_1_25' title="bbox 143 2073 795 2132; baseline 0.005 -21"><span class='ocrx_word' id='word_1_224' title='bbox 143 2073 302 2128; x_wconf 71' lang='grc' dir='ltr'>ἀναπαυσαμένων</span> <span class='ocrx_word' id='word_1_225' title='bbox 314 2074 416 2123; x_wconf 61' lang='lat' dir='ltr'><strong>demumr.</strong></span> <span class='ocrx_word' id='word_1_226' title='bbox 794 2129 795 2132; x_wconf 10' lang='grc' dir='ltr'><strong>Ἰ</strong></span> 
     </span>
     <span class='ocr_line' id='line_1_26' title="bbox 144 2144 934 2202; baseline -0.005 -13"><span class='ocrx_word' id='word_1_227' title='bbox 144 2168 146 2171; x_wconf 59' lang='lat'>&gt;</span> <span class='ocrx_word' id='word_1_228' title='bbox 165 2144 287 2200; x_wconf 75' lang='lat' dir='ltr'><strong>Amphora</strong></span> <span class='ocrx_word' id='word_1_229' title='bbox 300 2145 418 2200; x_wconf 83' lang='lat' dir='ltr'><strong>Serapionis</strong></span> <span class='ocrx_word' id='word_1_230' title='bbox 432 2144 490 2201; x_wconf 89' lang='lat' dir='ltr'><strong>(post</strong></span> <span class='ocrx_word' id='word_1_231' title='bbox 504 2145 631 2202; x_wconf 89' lang='lat' dir='ltr'><strong>epiclesin):</strong></span> <span class='ocrx_word' id='word_1_232' title='bbox 649 2148 798 2197; x_wconf 76' lang='grc' dir='ltr'>Παρακαλοῦμεν</span> <span class='ocrx_word' id='word_1_233' title='bbox 810 2148 832 2186; x_wconf 78' lang='grc' dir='ltr'><strong>δὲ</strong></span> <span class='ocrx_word' id='word_1_234' title='bbox 843 2147 876 2186; x_wconf 81' lang='grc' dir='ltr'><strong>καὶ</strong></span> <span class='ocrx_word' id='word_1_235' title='bbox 887 2147 934 2197; x_wconf 78' lang='grc' dir='ltr'>ὑπὲρ</span> 
     </span>
     <span class='ocr_line' id='line_1_27' title="bbox 143 2220 708 2271; baseline 0.004 -13"><span class='ocrx_word' id='word_1_236' title='bbox 143 2220 217 2259; x_wconf 77' lang='grc' dir='ltr'>’πάντων</span> <span class='ocrx_word' id='word_1_237' title='bbox 229 2223 268 2259; x_wconf 82' lang='grc' dir='ltr'><strong>τῶν</strong></span> <span class='ocrx_word' id='word_1_238' title='bbox 279 2221 419 2270; x_wconf 60' lang='grc' dir='ltr'>κεκοιμημένων</span> <span class='ocrx_word' id='word_1_239' title='bbox 431 2221 458 2260; x_wconf 83' lang='grc' dir='ltr'><strong>ὧν</strong></span> <span class='ocrx_word' id='word_1_240' title='bbox 470 2222 520 2260; x_wconf 78' lang='grc' dir='ltr'>ἐστιν</span> <span class='ocrx_word' id='word_1_241' title='bbox 532 2222 564 2260; x_wconf 85' lang='grc' dir='ltr'><strong>καὶ</strong></span> <span class='ocrx_word' id='word_1_242' title='bbox 576 2222 587 2270; x_wconf 84' lang='grc' dir='ltr'>ἡ</span> <span class='ocrx_word' id='word_1_243' title='bbox 601 2221 708 2271; x_wconf 78' lang='grc' dir='ltr'>ἀνάμνησις.</span> 
     </span>
    </p>

    <p class='ocr_par' dir='ltr' id='par_1_8' title="bbox 141 2284 936 2719">
     <span class='ocr_line' id='line_1_28' title="bbox 173 2293 936 2353; baseline 0.003 -16.924"><span class='ocrx_word' id='word_1_244' title='bbox 173 2293 224 2337; x_wconf 82' lang='lat' dir='ltr'><strong>Vita</strong></span> <span class='ocrx_word' id='word_1_245' title='bbox 236 2294 261 2337; x_wconf 92' lang='lat' dir='ltr'><strong>S.</strong></span> <span class='ocrx_word' id='word_1_246' title='bbox 273 2294 382 2353; x_wconf 70' lang='lat' dir='ltr'><strong>Melaniae</strong></span> <span class='ocrx_word' id='word_1_247' title='bbox 393 2294 505 2350; x_wconf 76' lang='lat' dir='ltr'><strong>(Analecta</strong></span> <span class='ocrx_word' id='word_1_248' title='bbox 515 2295 656 2349; x_wconf 84' lang='lat' dir='ltr'><strong>Bollondiono</strong></span> <span class='ocrx_word' id='word_1_249' title='bbox 668 2297 689 2347; x_wconf 87' lang='lat'><strong>8,</strong></span> <span class='ocrx_word' id='word_1_250' title='bbox 702 2297 764 2349; x_wconf 88' lang='lat'>1889,</span> <span class='ocrx_word' id='word_1_251' title='bbox 775 2295 812 2350; x_wconf 81' lang='lat'><strong>39)</strong></span> <span class='ocrx_word' id='word_1_252' title='bbox 825 2308 830 2337; x_wconf 72' lang='grc' dir='ltr'>ι</span> <span class='ocrx_word' id='word_1_253' title='bbox 846 2295 873 2338; x_wconf 89' lang='lat' dir='ltr'><strong>Et</strong></span> <span class='ocrx_word' id='word_1_254' title='bbox 885 2308 936 2338; x_wconf 91' lang='lat' dir='ltr'><strong>cum</strong></span> 
     </span>
     <span class='ocr_line' id='line_1_29' title="bbox 141 2363 935 2412; baseline 0.001 -2"><span class='ocrx_word' id='word_1_255' title='bbox 141 2367 244 2410; x_wconf 85' lang='lat' dir='ltr'><strong>offerrem</strong></span> <span class='ocrx_word' id='word_1_256' title='bbox 257 2367 370 2411; x_wconf 89' lang='lat' dir='ltr'><strong>nominaui</strong></span> <span class='ocrx_word' id='word_1_257' title='bbox 382 2368 428 2411; x_wconf 85' lang='lat' dir='ltr'><strong>eius</strong></span> <span class='ocrx_word' id='word_1_258' title='bbox 441 2381 521 2412; x_wconf 85' lang='lat' dir='ltr'><strong>nomen</strong></span> <span class='ocrx_word' id='word_1_259' title='bbox 532 2369 589 2412; x_wconf 86' lang='lat' dir='ltr'><strong>inter</strong></span> <span class='ocrx_word' id='word_1_260' title='bbox 602 2369 733 2412; x_wconf 90' lang='lat' dir='ltr'><strong>dormientes</strong></span> <span class='ocrx_word' id='word_1_261' title='bbox 746 2363 872 2412; x_wconf 85' lang='lat' dir='ltr'><strong>consecrans</strong></span> <span class='ocrx_word' id='word_1_262' title='bbox 885 2381 935 2411; x_wconf 90' lang='lat' dir='ltr'><strong>san-</strong></span> 
     </span>
     <span class='ocr_line' id='line_1_30' title="bbox 142 2432 935 2502; baseline 0.003 -19"><span class='ocrx_word' id='word_1_263' title='bbox 142 2432 202 2502; x_wconf 86' lang='lat' dir='ltr'><strong>ctam</strong></span> <span class='ocrx_word' id='word_1_264' title='bbox 208 2440 358 2498; x_wconf 80' lang='lat' dir='ltr'><strong>oblationem3</strong></span> <span class='ocrx_word' id='word_1_265' title='bbox 367 2441 420 2485; x_wconf 90' lang='lat' dir='ltr'><strong>haec</strong></span> <span class='ocrx_word' id='word_1_266' title='bbox 427 2442 486 2485; x_wconf 83' lang='lat' dir='ltr'><strong>enim</strong></span> <span class='ocrx_word' id='word_1_267' title='bbox 494 2441 548 2486; x_wconf 91' lang='lat' dir='ltr'><strong>mihi</strong></span> <span class='ocrx_word' id='word_1_268' title='bbox 556 2452 602 2486; x_wconf 88' lang='lat' dir='ltr'><strong>erat</strong></span> <span class='ocrx_word' id='word_1_269' title='bbox 610 2442 744 2486; x_wconf 88' lang='lat' dir='ltr'><strong>consuetudo</strong></span> <span class='ocrx_word' id='word_1_270' title='bbox 751 2443 776 2486; x_wconf 92' lang='lat' dir='ltr'><strong>in</strong></span> <span class='ocrx_word' id='word_1_271' title='bbox 783 2442 874 2486; x_wconf 89' lang='lat' dir='ltr'><strong>terribili</strong></span> <span class='ocrx_word' id='word_1_272' title='bbox 882 2442 935 2485; x_wconf 88' lang='lat' dir='ltr'><strong>hora</strong></span> 
     </span>
     <span class='ocr_line' id='line_1_31' title="bbox 141 2505 935 2572; baseline 0.001 -15"><span class='ocrx_word' id='word_1_273' title='bbox 141 2505 179 2571; x_wconf 89' lang='lat' dir='ltr'><strong>illa</strong></span> <span class='ocrx_word' id='word_1_274' title='bbox 194 2523 320 2558; x_wconf 86' lang='lat' dir='ltr'><strong>sanctorum</strong></span> <span class='ocrx_word' id='word_1_275' title='bbox 334 2525 454 2569; x_wconf 86' lang='lat' dir='ltr'><strong>martyrum</strong></span> <span class='ocrx_word' id='word_1_276' title='bbox 468 2517 557 2567; x_wconf 86' lang='lat' dir='ltr'><strong>nomina</strong></span> <span class='ocrx_word' id='word_1_277' title='bbox 571 2516 660 2560; x_wconf 89' lang='lat' dir='ltr'><strong>recitare</strong></span> <span class='ocrx_word' id='word_1_278' title='bbox 676 2525 700 2559; x_wconf 92' lang='lat' dir='ltr'><strong>ut</strong></span> <span class='ocrx_word' id='word_1_279' title='bbox 714 2530 754 2572; x_wconf 91' lang='lat' dir='ltr'><strong>pro</strong></span> <span class='ocrx_word' id='word_1_280' title='bbox 770 2529 805 2559; x_wconf 89' lang='lat' dir='ltr'><strong>me</strong></span> <span class='ocrx_word' id='word_1_281' title='bbox 820 2516 935 2559; x_wconf 90' lang='lat' dir='ltr'><strong>dominum</strong></span> 
     </span>
     <span class='ocr_line' id='line_1_32' title="bbox 141 2588 934 2645; baseline 0.003 -15"><span class='ocrx_word' id='word_1_282' title='bbox 141 2588 261 2644; x_wconf 87' lang='lat' dir='ltr'><strong>postulent,</strong></span> <span class='ocrx_word' id='word_1_283' title='bbox 274 2597 397 2644; x_wconf 88' lang='lat' dir='ltr'><strong>peccatores</strong></span> <span class='ocrx_word' id='word_1_284' title='bbox 411 2598 484 2632; x_wconf 87' lang='lat' dir='ltr'><strong>autem</strong></span> <span class='ocrx_word' id='word_1_285' title='bbox 497 2590 671 2633; x_wconf 48' lang='lat' dir='ltr'><strong>misericordiam*</strong></span> <span class='ocrx_word' id='word_1_286' title='bbox 680 2599 806 2633; x_wconf 89' lang='lat' dir='ltr'><strong>consecutos</strong></span> <span class='ocrx_word' id='word_1_287' title='bbox 820 2598 845 2632; x_wconf 93' lang='lat' dir='ltr'><strong>ut</strong></span> <span class='ocrx_word' id='word_1_288' title='bbox 857 2598 879 2632; x_wconf 87' lang='lat' dir='ltr'><strong>et</strong></span> <span class='ocrx_word' id='word_1_289' title='bbox 891 2589 934 2645; x_wconf 90' lang='lat' dir='ltr'><strong>ipsi</strong></span> 
     </span>
     <span class='ocr_line' id='line_1_33' title="bbox 141 2658 826 2719; baseline 0.003 -15"><span class='ocrx_word' id='word_1_290' title='bbox 141 2674 182 2717; x_wconf 91' lang='lat' dir='ltr'><strong>pro</strong></span> <span class='ocrx_word' id='word_1_291' title='bbox 195 2674 231 2704; x_wconf 88' lang='lat' dir='ltr'><strong>me</strong></span> <span class='ocrx_word' id='word_1_292' title='bbox 242 2661 385 2706; x_wconf 90' lang='lat' dir='ltr'><strong>intercedant.</strong></span> <span class='ocrx_word' id='word_1_293' title='bbox 400 2662 435 2706; x_wconf 89' lang='lat' dir='ltr'><strong>Cf.</strong></span> <span class='ocrx_word' id='word_1_294' title='bbox 452 2664 502 2707; x_wconf 84' lang='lat' dir='ltr'><strong>Vita</strong></span> <span class='ocrx_word' id='word_1_295' title='bbox 512 2658 588 2718; x_wconf 73' lang='lat' dir='ltr'><strong>graeca</strong></span> <span class='ocrx_word' id='word_1_296' title='bbox 599 2663 653 2707; x_wconf 92' lang='lat' dir='ltr'><strong>ibid.</strong></span> <span class='ocrx_word' id='word_1_297' title='bbox 667 2675 703 2714; x_wconf 83' lang='lat'><strong>22,</strong></span> <span class='ocrx_word' id='word_1_298' title='bbox 717 2675 778 2719; x_wconf 87' lang='lat'>1903,</span> <span class='ocrx_word' id='word_1_299' title='bbox 791 2674 826 2719; x_wconf 85' lang='lat'><strong>23.</strong></span> 
     </span>
    </p>

    <p class='ocr_par' dir='ltr' id='par_1_9' title="bbox 140 2734 934 3087">
     <span class='ocr_line' id='line_1_34' title="bbox 142 2734 933 2797; baseline 0.001 -19"><span class='ocrx_word' id='word_1_300' title='bbox 142 2793 146 2797; x_wconf 66' lang='lat'><strong>.</strong></span> <span class='ocrx_word' id='word_1_301' title='bbox 170 2734 287 2790; x_wconf 82' lang='lat' dir='ltr'><strong>Concilium</strong></span> <span class='ocrx_word' id='word_1_302' title='bbox 297 2735 469 2780; x_wconf 75' lang='lat' dir='ltr'><strong>cenomannicum</strong></span> <span class='ocrx_word' id='word_1_303' title='bbox 479 2737 541 2791; x_wconf 87' lang='lat' dir='ltr'><strong>(anno</strong></span> <span class='ocrx_word' id='word_1_304' title='bbox 552 2734 601 2792; x_wconf 76' lang='lat'>840,</span> <span class='ocrx_word' id='word_1_305' title='bbox 611 2738 638 2780; x_wconf 88' lang='lat' dir='ltr'><strong>A.</strong></span> <span class='ocrx_word' id='word_1_306' title='bbox 648 2738 829 2788; x_wconf 74' lang='lat' dir='ltr'><strong>Wsumruoraoar,</strong></span> <span class='ocrx_word' id='word_1_307' title='bbox 839 2737 933 2780; x_wconf 84' lang='lat' dir='ltr'><strong>Concilt&#39;a</strong></span> 
     </span>
     <span class='ocr_line' id='line_1_35' title="bbox 140 2800 934 2870; baseline 0.004 -19"><span class='ocrx_word' id='word_1_308' title='bbox 140 2808 190 2861; x_wconf 79' lang='lat' dir='ltr'><strong>aeui</strong></span> <span class='ocrx_word' id='word_1_309' title='bbox 201 2800 299 2862; x_wconf 70' lang='lat' dir='ltr'><strong>berolini,</strong></span> <span class='ocrx_word' id='word_1_310' title='bbox 314 2801 465 2870; x_wconf 66' lang='lat' dir='ltr'><strong>Hannonem,</strong></span> <span class='ocrx_word' id='word_1_311' title='bbox 481 2812 543 2863; x_wconf 87' lang='lat'>1908,</span> <span class='ocrx_word' id='word_1_312' title='bbox 557 2810 607 2864; x_wconf 89' lang='lat'>788)</span> <span class='ocrx_word' id='word_1_313' title='bbox 623 2824 628 2853; x_wconf 80' lang='lat' dir='ltr'>z</span> <span class='ocrx_word' id='word_1_314' title='bbox 644 2811 707 2854; x_wconf 87' lang='lat' dir='ltr'><strong>Hanc</strong></span> <span class='ocrx_word' id='word_1_315' title='bbox 720 2811 787 2865; x_wconf 84' lang='lat' dir='ltr'><strong>igitur</strong></span> <span class='ocrx_word' id='word_1_316' title='bbox 801 2806 934 2865; x_wconf 78' lang='lat' dir='ltr'><strong>oblationem</strong></span> 
     </span>
     <span class='ocr_line' id='line_1_36' title="bbox 141 2882 932 2944; baseline 0.001 -18"><span class='ocrx_word' id='word_1_317' title='bbox 141 2895 209 2937; x_wconf 88' lang='lat' dir='ltr'><strong>quam</strong></span> <span class='ocrx_word' id='word_1_318' title='bbox 220 2882 262 2944; x_wconf 89' lang='lat' dir='ltr'><strong>tihi</strong></span> <span class='ocrx_word' id='word_1_319' title='bbox 274 2882 386 2927; x_wconf 84' lang='lat' dir='ltr'><strong>offerimus</strong></span> <span class='ocrx_word' id='word_1_320' title='bbox 399 2883 564 2940; x_wconf 64' lang='lat' dir='ltr'><strong>profanimabus</strong></span> <span class='ocrx_word' id='word_1_321' title='bbox 577 2885 677 2928; x_wconf 90' lang='lat' dir='ltr'><strong>omnium</strong></span> <span class='ocrx_word' id='word_1_322' title='bbox 689 2898 783 2940; x_wconf 89' lang='lat' dir='ltr'><strong>quorum</strong></span> <span class='ocrx_word' id='word_1_323' title='bbox 796 2896 932 2940; x_wconf 86' lang='lat' dir='ltr'><strong>quarumque</strong></span> 
     </span>
     <span class='ocr_line' id='line_1_37' title="bbox 142 2948 932 3014; baseline 0.003 -15"><span class='ocrx_word' id='word_1_324' title='bbox 142 2952 270 3011; x_wconf 87' lang='lat' dir='ltr'><strong>memoriam</strong></span> <span class='ocrx_word' id='word_1_325' title='bbox 280 2957 364 3011; x_wconf 84' lang='lat' dir='ltr'><strong>agimus</strong></span> <span class='ocrx_word' id='word_1_326' title='bbox 376 2966 398 2999; x_wconf 92' lang='lat' dir='ltr'><strong>et</strong></span> <span class='ocrx_word' id='word_1_327' title='bbox 409 2970 503 3012; x_wconf 89' lang='lat' dir='ltr'><strong>quorum</strong></span> <span class='ocrx_word' id='word_1_328' title='bbox 513 2971 649 3014; x_wconf 87' lang='lat' dir='ltr'><strong>quarumque</strong></span> <span class='ocrx_word' id='word_1_329' title='bbox 660 2959 749 3002; x_wconf 89' lang='lat' dir='ltr'><strong>nomina</strong></span> <span class='ocrx_word' id='word_1_330' title='bbox 760 2957 829 3005; x_wconf 81' lang='lat' dir='ltr'><strong>hisjin</strong></span> <span class='ocrx_word' id='word_1_331' title='bbox 840 2948 932 3014; x_wconf 84' lang='lat' dir='ltr'><strong>diptitiis</strong></span> 
     </span>
     <span class='ocr_line' id='line_1_38' title="bbox 142 3017 629 3087; baseline 0.004 -14"><span class='ocrx_word' id='word_1_332' title='bbox 142 3017 264 3085; x_wconf 72' lang='lat' dir='ltr'><strong>conscripta</strong></span> <span class='ocrx_word' id='word_1_333' title='bbox 275 3043 322 3087; x_wconf 88' lang='lat' dir='ltr'><strong>esse</strong></span> <span class='ocrx_word' id='word_1_334' title='bbox 332 3040 458 3086; x_wconf 89' lang='lat' dir='ltr'><strong>noscuntur.</strong></span> <span class='ocrx_word' id='word_1_335' title='bbox 628 3024 629 3027; x_wconf 29' lang='lat'>¹</span> 
     </span>
    </p>
   </div>
   <div class='ocr_carea' id='block_1_7' title="bbox 0 0 1126 3499">
    <p class='ocr_par' dir='ltr' id='par_1_10' title="bbox 0 0 1126 3499">
     <span class='ocr_line' id='line_1_39' title="bbox 0 0 1126 3499; baseline 0 1"><span class='ocrx_word' id='word_1_336' title='bbox 0 0 1126 3499; x_wconf 95' lang='lat' dir='ltr'><strong> </strong></span> 
     </span>
    </p>
   </div>
  </div>
 </body>
</html>
