2243 3499
367 164 373 176 ⁴·
395 165 396 168 ¹
415 132 497 196 cruori
511 159 623 196 sonorus
676 184 678 188 .
887 160 917 207 49
989 161 991 163 ·

150 278 916 345 unumunoeuotoffitv,12(1>r105,1013tzrneoroe0ubr

126 362 221 412 solemus
242 373 296 405 uuas
317 357 495 413 benedicereibi
515 369 653 403 consectatur
673 360 748 403 oleum
768 372 808 415 pro
828 359 915 422 infirmo

127 434 306 490 concluditurque
316 433 453 478 conclusione
462 446 501 490 per
510 446 577 489 quem
585 433 639 477 haec
648 433 723 477 omnia
732 433 820 476 domine
830 445 915 490 semper
945 459 948 478 ·.

128 509 264 565 bonavcreas.
367 542 379 552 ,¹
440 515 442 520 ’
513 557 514 560 ¹

156 582 270 626 Concilium
279 582 410 641 Hipponem
421 594 440 624 c.
451 591 477 636 23
490 580 552 636 (anno
563 592 615 637 393„
624 582 704 625 Mauo
714 580 756 633 111,
767 580 817 636 922)
830 594 836 625 ε
848 580 915 625 Utin

126 641 265 700 sacramentis
279 655 374 712 corporis
389 664 410 699 et
424 642 538 708 sanguinis.
547 654 631 698 domini
645 653 701 698 nihil
711 648 804 711 amplius
812 655 915 721 offeratur

57 727 58 730 ’
128 721 194 785 quam
201 722 249 786 ipse
259 721 359 773 dominus
369 728 458 772 tradidit
466 727 508 771 hoc
516 736 549 771 est
558 728 620 784 panis
630 738 652 772 et
662 727 740 771 uinum
749 741 805 783 aqua
813 728 913 780 mixtum.

125 803 234 848 Primitiae
249 816 301 846 uero
316 815 356 846 seu
371 803 413 846 mel
428 811 450 846 et
464 801 497 845 lac
512 802 573 857 quod
587 815 632 845 uno
648 802 685 846 die
700 801 858 846 solemnissimo
868 815 914 859 pro

127 876 244 921 infantium
263 876 364 931 mysterio
378 877 439 920 'solet
457 875 530 919 offerri
550 876 651 938 quamuis
671 875 695 919 in
715 874 777 919 altari
796 876 914 920 offerantur

126 964 190 995 suam
203 960 276 994 tamen
291 950 401 1006 propriam
415 949 495 993 habent
509 949 685 993 benedictionem
695 943 724 993 ¹ut
739 963 752 993 a
767 949 876 1004 sanguinis
891 959 914 993 et

127 1024 222 1081 corporis
241 1023 345 1067 dominici
363 1032 494 1067 sacramento
512 1023 683 1078 distinguantur.
700 1024 748 1067 Nec
767 1024 794 1067 de
812 1023 913 1080 primitiis
966 1020 967 1025 ’

125 1097 231 1154 offeratur
240 1098 341 1155 quamde
350 1097 402 1141 uino
411 1106 433 1140 et
440 1097 562 1141 frumentis.
605 1122 606 1125 =
623 1154 625 1157 .

489 1245 542 1288 XVI
604 1249 606 1253 “
662 1251 663 1254 ’
723 1282 727 1285 ,

154 1330 304 1382 Auousrruus,
315 1330 387 1373 Sermo
396 1340 437 1384 227
447 1329 491 1386 (PL
500 1331 536 1384 38,
547 1329 610 1385 1099)
621 1342 627 1374 :
638 1328 685 1374 Ubi
695 1338 781 1386 peracta
790 1339 824 1374 est
833 1319 913 1385 sancti·

126 1404 198 1448 ficatio
211 1403 303 1447 dicimus
315 1403 435 1447 orationem
447 1402 584 1448 dominicam.
683 1414 684 1417 ’

154 1478 284 1521 Grroorrus
294 1478 402 1529 Macrum
411 1477 477 1532 Epist.
486 1477 527 1529 IX,
539 1489 565 1520 12
576 1477 621 1533 (PL
630 1473 667 1533 77,
677 1477 796 1540 9567958):
808 1476 851 1521 Cui
861 1491 913 1522 cum

126 1551 235 1595 dicerem:
244 1563 297 1606 quas
306 1550 471 1594 consuetudines
479 1551 525 1595 eius
534 1547 645 1606 (ecclesiae
650 1550 911 1613 Constantinopolitanae)

124 1624 252 1680 sequimur?
271 1625 406 1681 respondit...
426 1624 477 1680 quia
496 1624 617 1668 orationem
637 1625 771 1669 dominicam
790 1638 841 1670 mox
860 1629 919 1682 post

125 1706 232 1755 canonem
244 1698 287 1742 dici
300 1698 470 1742 statuissemus...
485 1698 527 1758 Cui
535 1697 645 1755 respondi
658 1698 710 1754 quia
721 1698 821 1743 >in⁴nullo
835 1701 911 1762 eorum

124 1772 190 1815 aliam
212 1772 324 1815 ecclesiam
346 1760 414 1826 secuti
436 1785 533 1815 sumus...
557 1772 680 1816 orationem
702 1785 754 1816 uero
767 1772 911 1835 *dominicam

124 1845 205 1889 idcirco
223 1859 273 1888 mox
290 1854 340 1901 post
356 1858 443 1902 precem
459 1845 550 1889 dicimus
569 1844 620 1901 quia
637 1859 685 1889 mos
703 1846 852 1901 apostolorum
867 1846 911 1890 fuit

125 1928 149 1962 ut
167 1920 195 1962 ad
211 1919 282 1975 ipsam
299 1919 435 1963 solummodo
453 1919 572 1962 orationem
588 1919 705 1980 oblationis
723 1919 817 1963 hostiam
834 1932 910 1963 conse*-

124 2001 215 2036 crarent.
228 1993 256 2035 Et
268 1993 331 2036 ualde
344 1992 398 2036 mihi
409 1993 563 2036 inconuern'ens
576 1993 649 2037 uisum
661 2002 694 2037 est
707 2002 732 2036 ut
744 2006 832 2049 precem
844 1983 911 2049 quam

122 2065 262 2114 scholasticus
270 2056 909 2125 composueratsuperoblationemdiceremusetipsamtra·

124 2139 229 2183 ditionem
239 2152 306 2194 quam
315 2141 438 2195 redemptor
449 2149 520 2183 noster
531 2140 654 2197 composuit
664 2153 730 2197 super
740 2140 786 2184 eius
798 2154 876 2198 corpus
887 2150 910 2185 et

113 2214 250 2267 sanguinem
262 2226 307 2256 non
319 2212 445 2266 diceremus.
453 2214 502 2257 'Sed
513 2223 535 2257 et
548 2214 656 2258 dominica
669 2214 738 2257 orario
751 2215 810 2271 apud
822 2213 908 2270 graecos

122 2286 151 2329 ab
162 2287 222 2330 omni
233 2287 319 2343 populo.
327 2287 525 2343 diciturapudnos
537 2284 672 2331 ueroasolo
684 2289 802 2332 sacerdote.
825 2320 826 2323 η
900 2325 902 2350 3
958 2296 960 2302 '

149 2360 332 2412 Ps.·Aranrros1us,
344 2362 376 2404 Do
386 2375 471 2405 sacram.
483 2361 510 2412 V,
521 2373 542 2416 4,
555 2363 580 2405 18
593 2361 642 2417 (PL.
650 2363 684 2413 16,
695 2362 747 2417 469)
759 2374 769 2404 :s
777 2354 843 2406 Nunc
855 2362 909 2418 quid

121 2429 220 2496 superest
233 2430 276 2477 nisi
289 2429 401 2490 oratio?
414 2435 475 2478 Pater
489 2444 585 2480 noster...
599 2445 622 2479 et
635 2448 663 2478 ne
678 2448 717 2479 nos
732 2435 819 2492 patiaris
832 2436 908 2496 induci

121 2506 307 2566 intentationem.
333 2563 335 2567 y
406 2506 407 2509 ’
710 2498 712 2514 ³
747 2503 748 2506 ’

475 2633 542 2677 XVII

146 2717 192 2760 Lib.
205 2718 265 2761 Pont.
278 2719 319 2773 376
332 2730 337 2760 :
350 2717 394 2761 Hic
406 2717 509 2773 (Sergius)
521 2718 596 2761 statuit
608 2727 633 2762 ut
644 2728 743 2775 tempore
755 2719 906 2764 confractionis

120 2790 224 2834 dominici
240 2791 334 2848 corporis
350 2804 417 2846 agnus
433 2791 467 2835 dei
483 2792 520 2847 qui
536 2792 593 2835 tollis
609 2801 697 2849 peccata
714 2793 791 2837 mundi
806 2794 907 2856 miserere

120 2864 183 2909 nobis
195 2877 207 2908 a
217 2865 274 2908 clero
285 2874 307 2908 et
317 2865 399 2922 populo
411 2865 540 2910 decantetur.

582 3101 637 3130 Canon
646 3101 667 3131 de
676 3100 691 3130 lo
700 3102 755 3131 Messe
764 3102 839 3133 romaine.
848 3119 868 3127 -
878 3110 889 3139 4
