2243 3499
374 202 377 206 ’
437 211 524 248 ‘cruos
538 203 650 249 serratus
762 198 764 201 ’
913 214 941 262 4ι

89 331 95 360 s
155 324 244 369 dicens:
253 325 342 382 accrprte
350 335 372 369 et
380 324 448 369 bibite
456 339 483 369 ex
491 327 533 370 hoc
541 339 617 370 omnes
625 327 864 382 hicestemmsangurs
873 341 942 372 meus

152 399 206 443 ibid.
215 401 236 451 6,
244 401 286 443 26:
297 400 481 455 Quotiescumque
489 400 532 443 hoc
539 400 633 444 fecerrtrs
641 400 706 445 totres
715 401 944 475 commemorationem

154 483 198 519 mer
191 469 288 517 facietis
298 473 380 517 donec'
374 478 454 517 iterum
463 474 586 518 adueniam.

180 548 226 590 Ps.-
216 547 361 600 -Gnrtmmus
375 547 430 603 Exp.
446 548 519 592 nissae
530 548 649 608 gallicanae
665 548 709 605 (PL
725 560 760 603 72,
775 521 813 605 93)
830 561 835 592 ι
852 548 944 604 Sanguis
959 541 968 580 -Ϊ
978 558 982 571 ”

155 633 207 665 uero
218 621 293 665 christi
303 621 353 665 ideo
365 621 485 679 specialiter
497 623 588 666 offertur
598 622 623 666 in
635 622 700 666 calice
713 622 764 678 quia
775 623 800 666 in
811 624 854 680 tale
865 636 943 666 ussum

90 739 91 744 ,
154 705 302 740 consecratum
315 695 358 740 fuit
371 689 500 751 mysterium
514 696 655 740 eucharistiae
668 696 740 754 pridie
748 710 821 752 -quam
833 705 944 754 pateretur

155 768 243 812 domino
259 769 308 826 ipso
325 770 410 822 dicente
428 783 434 813 ι
451 769 489 813 hie
505 780 539 813 est
556 770 611 814 calix
627 770 738 824 sanguinis
755 770 799 815 mei
816 771 954 825 mysterium

154 842 205 901 fidei
224 844 263 899 qui
282 857 322 901 pro
342 830 417 898 multis
437 844 563 888 effundetur
582 844 607 888 ιιι
626 844 777 888 remissionem
797 854 943 901 peccatorum.

183 917 253 961 Consi.
264 918 338 973 Apost.
350 918 413 969 VIII,
425 929 459 970 12,
476 919 523 972 36:
541 923 602 962 Τοῦτο
617 923 640 963 τὸ
657 923 757 973 μιιστήριον
772 926 806 974 τῆς
822 927 887 975 καινῆς
904 925 944 964 δια·

154 995 219 1052 θήκης.

532 1054 554 1096 X
586 1062 593 1067 ,

181 1126 224 1181 Ap
231 1127 296 1171 Por:
305 1126 489 1181 Memoresigitur
496 1126 944 1185 mortisetresurrectioniseiusofferimus

153 1199 195 1244 tibi
203 1214 282 1257 panem
290 1210 312 1245 et
321 1201 409 1245 calicem
417 1201 496 1255 gratias
505 1200 547 1245 tibi
556 1209 642 1256 agentes
653 1202 704 1257 quia
712 1214 752 1245 nos
760 1201 839 1277 dignos
849 1201 945 1246 habuisti

154 1283 222 1317 astare
233 1287 306 1319 coram
316 1284 339 1319 se
350 1284 372 1318 et
383 1274 425 1318 tibi
436 1274 567 1318 ministrare.

180 1348 226 1391 Ps.·
216 1349 365 1402 Αιιιιιιοιιιιε,
373 1349 406 1392 De
415 1362 467 1393 saer
476 1349 516 1401 IV,
526 1350 547 1400 6,
556 1360 584 1403 27
594 1348 639 1404 (PL
649 1350 683 1401 16,
692 1348 760 1404 464).
770 1349 827 1404 Ergo
836 1362 943 1394 memores
958 1358 961 1365 ¹
981 1361 983 1373 ³

154 1422 318 1476 gloriosissimae
335 1423 381 1467 eius
398 1422 504 1480 passionis
523 1432 545 1465 et
562 1422 590 1466 ab
606 1422 683 1467 inferis
700 1422 863 1467 resurrectionis
881 1433 904 1467 et
919 1423 945 1467 in

155 1497 223 1539 caelos
244 1497 374 1541 ascensionis
394 1496 506 1540 offerimus
527 1496 570 1540 tibi
590 1496 647 1540 hanc
667 1496 830 1540 immaculatam
850 1496 945 1546 hostiam

153 1569 943 1627 incruentamhostiamhuncpanemsanctumetcalicemuitaeaetemae.

166 1644 234 1688 „Orci
250 1647 291 1700 265
309 1657 315 1688 :
333 1646 443 1688 Memores
460 1657 537 1687 sumus
553 1653 645 1687 aeterne
657 1644 711 1687 deus
727 1645 944 1704 pater-omnipotens

154 1711 318 1772 gloriosissimae
330 1717 435 1775 passionis
449 1717 533 1762 domini
546 1717 615 1761 nostri
627 1717 675 1761 iesu
687 1717 762 1762 christi
775 1718 815 1762 filii
827 1719 860 1762 tui
872 1731 949 1783 resur·¹
959 1754 967 1777 4
978 1749 983 1779 5

154 1792 254 1835 rectionis
269 1792 334 1836 etiam
347 1801 369 1835 et
383 1792 429 1835 eius
443 1791 575 1835 ascensionis
589 1790 619 1846 ιιι7
628 1791 723 1835 caelum„
732 1792 791 1835 ldcm
804 1792 909 1835 inuenitur
922 1792 944 1835 in
962 1780 981 1784 ”¹

155 1865 215 1909 misso
225 1866 258 1910 Fl.
270 1856 354 1918 illirici,
363 1865 391 1909 ci.
405 1866 477 1917 BONA,
491 1866 564 1921 Opera
576 1865 653 1917 omnia,
666 1865 805 1921 Antuerpiae,
820 1868 881 1921 1677,
894 1868 944 1920 627.

145 1993 146 1998 ¹
183 1939 245 1983 Goth.
260 1953 281 1983 n.
297 1951 337 1995 527
352 1953 358 1983 t
373 1941 484 1984 Memores
499 1938 649 1993 gloriosissimi
662 1939 747 1984 domini
761 1939 867 1996 passionis
881 1949 903 1983 et
916 1940 944 1983 ab

154 2012 228 2056 inferis
243 2013 404 2058 resurrectionis
420 2012 532 2057 offerimus
548 2012 590 2056 tibi
606 2012 694 2056 domine
711 2012 767 2055 hanc
783 2012 945 2056 immaculatam

154 2086 247 2130 hostiam
263 2087 392 2131 racionalem
409 2087 503 2130 hostiam
520 2085 657 2130 incruentam
674 2086 768 2129 hostiam
788 2086 848 2129 hunc
865 2097 945 2143 panem

154 2170 253 2204 sanctum
265 2170 290 2217 et
300 2162 389 2221 calicem
401 2161 518 2219 salutarem
531 2161 668 2204 obsecrantes
683 2169 708 2203 ιιι
720 2160 835 2203 infundere
850 2160 944 2215 digneris

154 2234 254 2290 spiritum
263 2243 327 2278 tuum
335 2244 435 2278 sanctum
443 2234 560 2278 edentibus
570 2233 633 2277 nobis
643 2234 713 2277 uitam
722 2226 832 2277 aeternam
841 2247 944 2288 regnum-

154 2313 196 2363 que
209 2297 339 2364 perpetuum
351 2310 462 2353 conlatura
474 2299 609 2364 potantibus.
702 2307 703 2310 ’
947 2312 949 2315 ’

179 2382 224 2425 Lib.
237 2383 297 2426 Pont.
309 2383 329 2435 1,
343 2394 382 2437 127
395 2396 401 2426 :
415 2382 458 2426 Hic
470 2380 611 2437 (Alexander)
623 2380 747 2438 passionem
760 2381 842 2425 domini
855 2369 950 2425 miscuit*

153 2455 177 2498 ιιι
188 2457 346 2511 praedicatione
357 2457 494 2500 sacerdotum
505 2455 593 2511 quando
605 2454 683 2498 missae
694 2455 836 2498 celebrantur.
851 2496 854 2501 .

180 2529 303 2582 Annonrus,
313 2531 339 2574 ln
350 2532 384 2574 Ps.
396 2533 425 2583 90
433 2530 479 2585 (PL
491 2541 527 2585 53,
538 2528 589 2584 497)
602 2541 608 2572 :
621 2530 704 2583 Magna
714 2541 780 2584 opera
792 2520 876 2571 domini
886 2528 943 2572 nati-

153 2602 226 2665 uitatis
239 2602 524 2665 passionisresurrectionis
533 2612 555 2646 et
567 2603 592 2646 in
605 2603 674 2646 caelos
688 2602 842 2664 ascensionis...
851 2603 886 2661 ¹In
899 2612 950 2661 qua¹

152 2669 238 2721 iustitia
243 2678 369 2721 memoriam
377 2677 429 2721 fecit
439 2677 572 2721 mirabilium
581 2689 672 2719 suorum
682 2676 756 2719 dicens
767 2688 772 2718 ι
783 2676 836 2719 haec
846 2673 948 2735 quoties}

153 2764 247 2806 cumque
257 2752 350 2795 feceritis
359 2752 384 2795 in
395 2751 437 2795 mei
448 2750 576 2794 memoriam
586 2749 677 2793 facietis.

166 2817 244 2869 “Mica
256 2837 280 2881 13
291 2826 402 2882 (Granum
410 2825 440 2891 Il,
449 2825 499 2895 331)
510 2837 515 2868 τ
525 2825 582 2867 Item
589 2824 621 2867 ibi
630 2823 697 2867 Unde
706 2833 728 2867 et
736 2830 843 2866 memores
854 2823 949 2867 domine*

153 2903 192 2943 no's
214 2899 271 2943 serui
291 2901 332 2952 tui,
353 2892 488 2943 natiuitatem
510 2898 594 2942 domini
616 2907 800 2942 commemorant
810 2910 861 2940 cum
881 2897 949 2960 iuxta

153 2969 297 3030 apostolum'
286 2987 325 3017 ιιι
333 2958 448 3024 eiusmodi
458 2972 563 3016 sacrificio
582 2966 631 3023 ιιοιι
645 2962 782 3016 natiuitatem
797 2962 884 3019 domini
903 2972 949 3023 sed,

124 3105 125 3108 Ἰ
155 3056 248 3091 mortem
257 3061 303 3091 erus
314 3060 443 3091 annunciare
454 3041 580 3090 debeamus
635 3066 640 3080 ι
720 3053 722 3055 ·
912 3061 914 3063 ·
