2243 3499
205 139 235 187 50
383 141 412 176 ιι
427 140 510 177 cruori
525 129 600 177 nrm
615 141 687 177 nassa
702 141 811 178 romarus

199 277 233 324 et
250 265 338 341 paulo
356 278 445 342 atque
462 267 569 326 andrea
581 268 600 294 ²²
622 267 659 326 da
671 266 820 357 propitius
838 285 941 344 pacem
956 267 989 327 in

205 343 307 404 diebus
326 344 433 404 nostris
452 358 486 405 ut
505 363 562 422 ope
581 345 794 406 misericordiae
812 359 879 406 tuae
897 346 989 407 adiuti

160 435 233 482 1³set
255 442 272 483 a
294 437 413 500 peccato
437 424 528 483 simus
552 442 667 501 semper
689 425 773 485 liberi
796 438 824 484 et
847 426 884 486 ab
907 426 988 484 omni

203 503 421 579 perturbatione
430 503 749 581 securiperdominum
756 505 989 564 nostrumiesum

203 582 346 641 christum
359 582 460 644 filium
470 595 558 642 tuum
573 582 625 659 qui
639 596 739 642 tecum
753 583 828 643 uiuit
844 597 873 643 et
888 598 987 660 regnat

203 661 275 721 deus
289 660 320 720 in
334 662 446 721 unitate
460 662 578 739 spiritus
593 661 750 739 sanctiper
764 663 861 721 omnia
876 663 994 723 saecula

204 740 385 819 saeculorum
400 759 496 801 amen.

158 840 197 881 140
232 820 294 879 'Pax'
308 819 421 880 domini
436 820 474 879 sit
489 838 604 897 semper
618 818 782 881 uobiscum.
856 832 857 835 ’

233 901 273 960 R.
289 900 326 958 Et
342 918 411 958 cum
427 899 532 976 spiritu
546 913 598 958 tuo
610 900 638 959 ²³.

230 1120 267 1160 133
280 1118 344 1160 atque
356 1112 440 1151 andrea
438 1123 484 1151 om.
498 1110 602 1151 BSCHG¹
616 1118 637 1150 et
650 1111 715 1151 beatis
728 1110 882 1152 confessoribus
891 1111 933 1151 tuis
945 1111 986 1164 illis

201 1166 248 1207 add.
260 1167 278 1207 Z
288 1167 375 1216 patricio
386 1167 434 1208 add.
445 1167 460 1207 S
471 1178 554 1207 necnon
565 1175 586 1207 et
597 1168 659 1207 beato
669 1167 765 1216 dyonisio
775 1175 864 1217 martyre
875 1175 913 1208 tuo
923 1175 986 1217 atque

201 1223 300 1273 pontifice
309 1235 358 1264 cum
368 1224 431 1264 sociis
441 1224 484 1265 suis
497 1224 576 1264 rustico
590 1231 611 1264 et
625 1224 739 1264 eleutherio
753 1232 774 1263 et
787 1224 848 1264 beato
862 1224 985 1265 chlodoaldo
1062 1228 1064 1232 ’

201 1280 320 1320 confessore
331 1288 369 1321 tuo
382 1288 404 1320 et
416 1280 515 1326 omnibus
528 1280 604 1321 sanctis
617 1281 664 1320 add.
676 1280 698 1320 0
711 1288 732 1320 et
744 1288 816 1320 sancto
828 1280 929 1330 stephano
935 1292 985 1329 pro

201 1344 313 1386 tomamyre
328 1335 366 1377 tuo
381 1344 407 1377 et
419 1337 485 1377 beatis
501 1336 656 1377 confessoribus
671 1336 713 1377 tuis
729 1337 802 1377 hilario
817 1336 907 1377 martino
922 1344 984 1386 atque

201 1394 312 1433 benedicto
320 1393 367 1433 add.
376 1393 428 1433 ΑιιιΙ
437 1393 472 1433 hic
480 1394 575 1434 nominat
584 1393 655 1443 quales
664 1393 754 1433 uoluerit
763 1400 844 1433 sanctos
853 1393 887 1434 uel
896 1401 984 1443 quantos

201 1458 351 1504 commemorat
369 1450 417 1490 add.
437 1450 480 1490 Am
499 1450 535 1490 hic
553 1449 649 1490 nominat
669 1457 774 1499 quotquot
793 1457 875 1490 sanctos
894 1450 983 1490 uoluerit
1120 1493 1122 1498 ,

200 1506 235 1561 Mi
315 1518 364 1546 cunr
373 1506 474 1561 omnibus
485 1505 563 1547 sanctis
570 1506 619 1549 add.
630 1506 758 1546 Gtxnmmi
768 1513 789 1546 et
798 1506 897 1561 omnibus
907 1506 983 1546 sanctis
1003 1550 1004 1553 ,
1022 1552 1025 1556 Δ
1045 1551 1048 1556 7

200 1562 247 1603 add.
258 1572 310 1612 1474
390 1562 473 1612 pacem]
482 1570 564 1602 tuam
572 1562 619 1602 add.
628 1562 661 1602 BS
744 1572 781 1611 135
791 1561 883 1611 peccato]
893 1563 982 1611 peccatis
1120 1573 1122 1580 ’

198 1619 273 1659 PVHZ
353 1618 835 1670 semperliberi]liberisemperB²CPVAHGZ
892 1621 980 1668 136-138

199 1687 262 1725 per...
286 1683 324 1715 tuo
346 1687 384 1716 om.
408 1675 427 1716 B
462 1692 463 1695 ¹
507 1687 562 1725 per..
565 1675 664 1724 samen]
688 1687 726 1724 per
743 1675 850 1716 ¹christum
872 1675 981 1716 dominum

199 1740 294 1772 nostrum
301 1732 339 1782 Ep
421 1731 557 1773 dominum..
571 1743 634 1772 amen
646 1744 684 1771 om
694 1731 774 1772 VFGZ
820 1759 822 1761 -
856 1733 894 1780 138
907 1731 980 1781 sancti]

200 1790 251 1829 deus
271 1788 318 1829 add.
340 1798 394 1838 1474
477 1798 515 1837 139
535 1788 674 1845 saeculorum]
695 1788 803 1837 respondit
822 1787 913 1837 populus
933 1788 980 1828 add.

197 1840 232 1885 P
296 1855 397 1895 140pax..
401 1845 522 1885 .tuoom.B
604 1840 982 1884 etsacerdostenenssanctainmanu

199 1902 267 1950 signat
276 1902 377 1942 calicem'
370 1914 394 1942 ιιι
403 1913 466 1941 cruce
476 1901 548 1942 dicens
556 1909 632 1950 praem
641 1901 658 1941 P
738 1912 779 1949 pax
789 1908 810 1941 et
820 1901 892 1940 caritas
903 1901 983 1941 domini

198 1958 265 2007 nostri
272 1958 321 2010 iesu
332 1958 405 2003 christi
417 1966 439 1997 et
451 1957 611 1998 commonicatio
624 1964 743 1997 sanctorum
755 1957 850 1997 omnium
863 1956 889 1997 sit
901 1969 983 2006 semper

198 2015 309 2055 uobiscum
321 2010 342 2054 et
354 2026 404 2055 cum
417 2015 491 2063 spirito
503 2022 541 2054 tuo
553 2014 567 2053 S
651 2023 688 2062 141
702 2012 747 2062 tuo]
761 2022 782 2053 et
793 2014 839 2062 ipsa
851 2021 921 2053 sancta
933 2013 982 2053 mit-

198 2070 225 2111 tit
238 2071 261 2111 in
275 2071 360 2111 calicem
375 2079 397 2111 et
411 2079 525 2123 postquam
539 2070 741 2110 communicauerint
756 2071 792 2110 dat
806 2070 921 2110 orationem
935 2070 982 2110 add.
1119 2104 1122 2111 a,

197 2128 213 2168 P
292 2128 334 2168 fiat
346 2127 469 2167 commixtio
486 2135 507 2167 et
525 2127 653 2167 consecratio
670 2126 762 2176 corporis
780 2135 801 2166 et
821 2126 926 2175 sanguinis
944 2127 982 2166 do·
1057 2154 1059 2157 ι

198 2184 250 2224 mini
262 2184 328 2224 nostri
339 2184 385 2224 iesu
398 2184 474 2224 christi·
483 2183 634 2233 accipientibus
646 2183 707 2223 nobis
719 2184 742 2223 in
754 2183 820 2223 uitam
832 2191 936 2222 aeternam
948 2182 982 2223 Mi
1050 2204 1053 2209 ·

200 2250 252 2289 1474
263 2241 309 2289 (om.
320 2241 352 2294 in)
434 2241 486 2280 haec
497 2240 618 2280 commixtio
630 2247 651 2280 et
662 2240 789 2280 consecratio
800 2239 892 2288 corporis
903 2247 924 2279 et
935 2250 982 2279 san-
1117 2251 1119 2259 ι

198 2297 259 2346 gunis
272 2298 328 2337 d.·n.
341 2297 355 2337 i.
369 2309 388 2337 c.
402 2296 439 2337 fiat
452 2296 603 2345 accipientibus
616 2296 677 2336 nobis
690 2296 713 2335 in
725 2296 792 2336 uitam
804 2304 909 2335 aeternam
922 2307 982 2336 amen

199 2354 251 2403 1‘587
263 2355 315 2394 dum
327 2355 378 2394 uero
390 2353 490 2393 dominus
502 2364 557 2402 papa
569 2352 620 2393 dicit
632 2364 673 2401 pax
685 2352 765 2393 domini
778 2352 805 2392 sit
816 2363 899 2402 semper
910 2352 981 2392 uobis·

197 2422 246 2451 cum
258 2422 302 2450 non
314 2410 417 2459 permittit
430 2417 526 2450 sanctum
538 2409 562 2450 in
575 2409 660 2449 calicem
673 2408 727 2449 sicut
739 2408 826 2449 coeteris
839 2408 980 2448 sacerdotibus
1011 2460 1013 2462 ,

197 2478 242 2518 mos
258 2475 289 2507 est
304 2467 350 2507 add.
366 2467 409 2506 Am
491 2466 536 2515 tuo]
552 2468 619 2518 agnus
635 2466 669 2505 dei
684 2466 721 2514 qui
736 2465 792 2505 tollis
806 2472 890 2513 peccata
905 2465 986 2508 mundi

196 2523 293 2563 miserere
306 2522 367 2563 nobis
380 2523 428 2563 add.
443 2523 536 2563 RCXEd
549 2522 625 2571 EpAm
640 2531 693 2571 1474
706 2522 750 2570 (bis,
764 2521 833 2561 deinde
847 2533 852 2561 :
866 2533 932 2570 agnus
946 2521 981 2561 dei

197 2580 233 2629 qui
242 2580 297 2620 tollis
306 2574 390 2629 peccata
399 2580 474 2620 mundi
484 2579 539 2619 dona
548 2579 610 2619 nobis
619 2578 708 2627 pacem).
