2243 3499
390 204 391 207 ,
426 173 508 212 cruos
523 160 634 209 tentonus

512 299 547 342 111

131 408 133 415 ’
160 397 268 441 ‘orsurus
279 397 352 440 Μιιι.
364 395 416 447 VII,
427 406 448 447 2,
461 406 486 438 12
499 395 584 453 (GSEL
594 396 629 447 26,
640 394 691 450 47):
703 395 787 442 Offerre
798 408 837 446 nos
849 394 920 439 dicitis

130 471 178 520 deo
187 484 227 528 pro
236 483 279 514 una
288 469 379 513 ecclesia
387 482 442 525 quae
451 469 480 512 sit
487 469 512 513 in
519 478 566 512 toto
574 478 681 512 ternarum
688 469 741 512 orbe
749 468 834 513 diffuse.
868 503 869 506 ,

131 564 133 568 >
164 545 276 596 V1o1n1us,
290 543 358 598 Epist.
373 543 402 587 ad
413 544 465 587 lust.
481 542 564 601 (CSEL
578 553 614 598 35,
627 541 680 598 348)
693 555 698 586 :
713 543 795 586 Omnes
809 541 920 600 pontifices

136 619 225 674 antiqua
240 618 265 661 in
280 617 392 661 offerendo
407 616 512 673 sacrificio
527 616 642 660 traditione
659 617 794 672 deposcimus
810 625 920 664 exorantes

72 724 73 728 ,
137 701 162 735 ut
177 691 305 735 catholicam
320 691 388 734 fidem
402 691 498 767 adunare
511 703 584 744 regere
599 690 700 734 dominus
716 699 738 733 et
752 690 860 734 custodite
874 698 920 733 toto
980 700 982 711 ’

136 765 190 808 orbe
199 766 308 819 dignetur

163 839 225 882 Leon
243 850 295 894 47:
314 839 342 882 da
359 838 473 881 ecclesiam
488 846 550 881 tuam
566 846 612 881 toto
629 847 734 881 terrarum
750 838 802 881 orbe
819 837 921 881 diffusam

136 924 212 955 eorum
225 912 291 971 (Petri
304 922 326 955 et
337 911 408 966 Pauli)
421 912 484 967 sequi
489 944 550 955 .....
580 907 713 971 doctrinam
937 905 939 918 ³

132 994 134 999 ·
165 986 211 1029 Gel.
229 997 256 1040 75
276 999 281 1029 ι
300 987 395 1029 Oremus
412 984 547 1030 dilectissimi
564 984 627 1028 nobis
643 985 667 1028 ιιι
684 984 758 1041 primis
776 998 815 1041 pro
832 984 920 1028 ecclesia

132 1068 210 1102 'sancta
219 1059 255 1102 dei
264 1068 289 1102 ut
299 1060 352 1102 deus
362 1068 384 1102 et
393 1058 495 1103 dominus
505 1065 578 1102 noster
591 1058 702 1115 pacificare
715 1059 809 1102 adunate
818 1068 840 1102 et
849 1067 921 1102 custo-

136 1133 184 1185 dire
198 1132 300 1187 dignetur
314 1146 353 1189 per
368 1133 494 1178 universum
508 1121 584 1176 oibem
596 1141 740 1178 tertarum...
757 1145 867 1177 oremus..
875 1141 921 1178 ut

137 1206 227 1249 ecclesia
234 1216 272 1250 tua
279 1215 326 1250 toto
333 1206 386 1250 orbe
394 1206 474 1250 diffusa
480 1205 553 1249 stabili
559 1205 616 1249 fide
609 1219 633 1248 ιιι
643 1205 776 1286 confessione
785 1206 818 1249 tui
826 1205 920 1249 nominis

139 1289 269 1337 perseveret
283 1281 345 1334 Greg.
359 1291 393 1334 51,
404 1294 443 1323 om.
456 1280 557 1323 adunate

166 1354 228 1408 Greg.
240 1365 285 1408 51:
298 1354 392 1396 Otemus
403 1363 425 1396 et
435 1367 476 1409 pro
487 1353 610 1397 beatissimo
622 1366 677 1409 papa
688 1359 761 1415 nostro
772 1323 816 1396 iilo.

166 1427 213 1470 Gel.
225 1438 252 1481 75
264 1428 332 1470 adds
343 1436 365 1470 et
375 1440 415 1483 pro
426 1427 522 1470 antistite
533 1436 607 1483 nostro
617 1427 662 1470 illo

164 1501 225 1544 Moz.
238 1514 259 1543 n.
274 1512 329 1556 1440
342 1501 402 1559 (Post
413 1500 492 1556 pridie)
505 1514 510 1543 :
522 1501 562 1563 Per
573 1513 639 1556 quem
650 1509 672 1543 te
683 1500 776 1557 petimus
788 1510 810 1543 et
821 1514 920 1555 rogamus

133 1575 274 1631 omnipotens
288 1583 349 1630 pater
362 1583 386 1617 ut
399 1583 485 1630 accepta
498 1573 576 1617 habeas
589 1583 611 1617 et
623 1573 750 1623 benedicere
763 1574 856 1628 dignetis
869 1566 921 1618 hacc

136 1661 226 1691 munera
240 1657 262 1691 et
276 1647 329 1690 haec
342 1648 446 1691 sacrificia
458 1647 549 1691 inlibata
563 1660 618 1707 quae
631 1647 672 1691 tibi
684 1647 709 1690 in
722 1635 796 1710 primis
811 1648 920 1710 offerimus

136 1734 176 1778 pro
193 1731 230 1764 tua
247 1729 321 1764 sancta
337 1721 426 1765 ecclesia
443 1721 547 1765 catholica
564 1734 630 1777 quam
646 1721 757 1777 pacificare
774 1722 866 1776 digneris
883 1734 921 1778 per

135 1804 208 1858 totum
220 1795 298 1838 orbem
309 1804 416 1840 terrarum
427 1795 536 1838 diffusam.
550 1795 585 1838 Cf.
599 1795 650 1841 Ord.
663 1807 711 1850 321.
835 1839 836 1842 ,
935 1848 936 1852 ¹

135 1868 137 1914 J
162 1868 248 1916 Litania
262 1869 392 1912 ambrosiana
408 1869 437 1926 (R
452 1869 498 1912 Ben
512 1870 547 1923 46,
564 1880 626 1923 1934,
643 1868 691 1924 ι3ι)
707 1881 712 1911 :
727 1869 767 1912 Pro
782 1869 871 1913 ecclesia
884 1878 921 1919 tua

136 1951 210 1985 sancta
222 1955 277 1998 quae
289 1942 326 1985 hic
339 1952 361 1986 et
377 1955 416 1998 per
432 1943 560 1986 uniuersum
575 1943 651 1986 orbem
668 1942 746 1986 diffusa
756 1951 789 1985 est
793 1975 867 1988 ......
881 1955 921 1998 pro

136 2028 189 2072 pace
205 2016 344 2059 ecclesiarum
361 2017 474 2060 uocatione
490 2016 589 2070 gentium
604 2025 626 2059 et
642 2017 714 2071 quiete
730 2017 867 2073 populorum.
885 2016 920 2060 Cf.

134 2082 209 2132 Gonst.
194 2090 296 2144 tApost
281 2090 372 2141 tvm,
385 2101 451 2143 10‚4.
809 2120 810 2123 η

134 2164 229 2206 Mirr.
245 2174 269 2219 13
285 2162 399 2222 (Gruterus
410 2164 441 2214 11,
454 2163 524 2219 3:31)
536 2164 594 2207 Item
605 2172 655 2220 post
667 2176 748 2207 nomen
760 2163 842 2208 domini
854 2144 922 2221 papae

136 2237 183 2280 siue
200 2237 283 2293 proprii
300 2237 396 2293 episcopi
414 2237 541 2281 adiiciunt:
559 2246 581 2280 et
598 2237 699 2280 omnibus
716 2237 840 2281 orthodoxis
857 2247 922 2294 atque

136 2310 254 2354 catholicae
263 2320 285 2354 et
294 2311 423 2368 apostolicae
432 2311 483 2369 fidei
493 2311 619 2362 cultoribus,
629 2312 667 2354 sed
676 2310 791 2368 superfluo
801 2311 860 2355 Nam
868 2311 921 2355 ordo

134 2383 210 2428 statim
218 2383 242 2428 in
251 2385 352 2439 sequenti
361 2397 427 2427 uersu
436 2373 474 2428 ubi
484 2376 563 2428 dicitur
572 2385 685 2428 Memento
695 2384 782 2428 domine
790 2378 923 2439 famulorum

135 2457 311 2513 famularumque
334 2467 422 2501 tuarum
445 2458 507 2501 nobis
531 2458 631 2501 concedit
653 2467 678 2501 ut
700 2459 799 2519 omnium
821 2459 923 2535 uiuorum

131 2537 333 2588 'commemoremus
347 2545 497 2587 quoscumque
511 2532 651 2611 uoluerimus.
913 2543 915 2545 ·

499 2685 501 2691 ⁴
517 2679 549 2723 IV

164 2769 319 2832 quo'ceurtus
325 2777 345 2827 1,
351 2777 417 2831 Epist.
424 2772 533 2831 adDecen.
541 2775 585 2831 (PL
592 2787 626 2827 zo,
634 2787 698 2831 5535
701 2775 736 2831 54)
744 2788 749 2819 :
756 2772 791 2818 De
798 2746 921 2839 nominibus

137 2862 189 2893 uero
201 2849 321 2893 recitandis
338 2850 454 2924 antequam
470 2862 557 2911 precem
573 2850 671 2892 sacerdos
687 2849 751 2892 faciat
766 2858 831 2905 atque
846 2863 923 2893 eorum

136 2920 256 2991 oblationes
266 2936 361 2979 quorum
369 2919 457 2979 nomina
463 2923 572 2967 recitanda
580 2932 631 2966 sunt
637 2936 676 2966 sua
683 2923 781 2984 oratione
778 2913 923 2982 commendet

135 2995 205 3052 uuam
212 2994 357 3053 superfluum
355 2998 383 3040 sit
390 3007 412 3040 et
417 2991 469 3053 ipse
473 3010 531 3053 pro
520 3006 558 3056 tua
555 2983 680 3052 prudentia
688 2997 820 3052 recognoscis
829 3007 853 3044 ut
860 2989 922 3063 cuius

616 3108 672 3138 Cenon
678 3108 698 3139 de
704 3106 719 3138 la
725 3109 778 3139 Messe
784 3108 885 3139 tomeinee-
894 3115 903 3144 3
