2243 3499
199 188 229 235 44
378 187 405 222 LE
422 187 504 222 CANON
519 187 548 222 DE
564 188 599 222 Ln-
608 187 680 222 Messe
694 186 804 224 nonime

552 313 630 372 XIII

232 437 383 496 Memento
393 437 413 466 ¹⁷
433 437 522 510 etiam
535 437 655 497 domine
668 434 847 498 famulorum
860 432 986 511 famula-

197 534 322 593 rumque
336 529 455 575 tuarum
469 516 511 575 ill.
528 530 557 576 et
572 516 614 576 ill.
631 517 682 593 qui
697 536 751 576 nos
767 531 986 594 praecesserunt

197 614 266 655 cum
289 596 372 671 sIgno
396 595 466 655 fidei
491 610 520 655 et
544 596 695 655 dormiunt
720 596 752 655 in
775 615 879 656 somno
903 598 986 675 pacis
1014 670 1016 677 s

153 674 267 752 rooipsis
280 688 312 753 et
327 675 465 734 omnibus
481 675 513 733 in
528 676 637 734 christo
653 675 870 752 quiescentibus
885 676 986 736 locum

197 754 337 830 refrigerii
352 753 424 813 lucis
441 768 470 813 et
484 754 564 830 pacis
579 767 613 813 ut
628 754 778 830 indulgeas
795 756 987 831 deprecamur

196 851 248 910 per
262 834 403 893 christum
417 833 572 893 dominum
585 847 728 893 nostrum.

556 1076 630 1148 xiv
761 1171 762 1174 Ν
953 1168 954 1172 Ν

232 1211 326 1272 Nobis
342 1208 491 1289 quoque¹⁸
511 1213 713 1291 peccatoribus
734 1213 851 1273 famulis
871 1214 929 1273 tuis
945 1191 985 1274 de

198 1292 385 1352 multitudine
411 1293 632 1352 miserationum
656 1307 774 1352 tuarum
799 1294 984 1370 sperantibus

223 1542 284 1584 XIII.
297 1538 319 1583 Si
330 1543 409 1583 fuerint
419 1543 505 1584 nomina
517 1544 665 1584 defunctorum
676 1544 790 1584 recitentur
801 1544 883 1584 dicente
894 1545 985 1585 diacono

195 1596 271 1649 daem.
285 1600 302 1639 P
318 1600 352 1640 hic
368 1599 471 1640 orationes
488 1601 542 1641 duae
557 1601 656 1640 dicuntur
671 1610 713 1640 una
730 1612 792 1649 super
808 1601 901 1649 diptitios
917 1601 984 1642 altera

197 1664 245 1705 post
255 1656 366 1696 lectionem
377 1657 489 1697 nominum
500 1665 522 1696 et
533 1657 573 1697 hoc
585 1657 712 1706 quotidianis
723 1657 757 1697 uel
768 1658 792 1697 in
802 1657 887 1706 agendis
898 1665 983 1698 tantum

198 1712 271 1753 diebus
278 1721 354 1763 praem,
364 1713 406 1753 Am
453 1746 455 1749 .
488 1723 565 1762 97-102
575 1721 706 1754 memento...
717 1719 860 1754 nostrumom.
870 1714 980 1759 Rsscvno

196 1769 261 1818 EdEp
271 1770 357 1809 etiam...
367 1777 464 1810 nostrum
473 1782 510 1810 om.
520 1769 541 1807 Π
667 1778 774 1810 memento
782 1770 824 1810 mei
833 1771 918 1810 domine
926 1771 982 1815 hanc

197 1824 236 1865 tibi
245 1833 315 1866 sancte
323 1833 382 1875 pater
387 1827 436 1866 licet
445 1826 497 1866 meis
504 1826 602 1866 manibus
610 1823 709 1876 offeratur
718 1826 766 1875 quia
776 1838 816 1866 nec
825 1827 981 1867 inuocationenr

196 1882 228 1922 tui
239 1882 330 1922 nominis
343 1882 419 1931 dignus
432 1894 480 1922 sum
493 1891 513 1922 et
526 1883 575 1932 quia
587 1895 625 1932 per
638 1889 734 1922 sanctum
747 1890 767 1922 et
780 1883 929 1923 sanctificatum
942 1883 981 1924 filii

196 1938 228 1978 tui
246 1939 336 1979 nominis
355 1939 470 1979 oblationes
489 1940 606 1979 offeruntur
624 1939 678 1979 sicut
696 1939 806 1979 incensum
823 1940 846 1979 in
865 1948 982 1988 conspectu

196 2003 233 2035 tuo
249 2007 298 2035 cum
314 1996 378 2035 odore
394 1995 506 2035 suauitatis.
518 1997 643 2036 accendatur
659 2003 680 2035 et
696 2007 769 2046 eorum
785 1994 871 2036 nomina
887 1997 925 2045 qui
940 2008 982 2036 nos

196 2059 353 2100 praecesserunt
369 2064 418 2092 curn
436 2052 496 2101 signo
512 2052 562 2092 fidei
580 2064 618 2101 per
636 2052 737 2092 christum
755 2052 865 2092 dominum
882 2061 982 2093 nostrum

195 2109 214 2148 A
295 2119 321 2157 97
338 2116 422 2148 tuarum
439 2121 477 2148 om.
495 2109 524 2148 R²
604 2108 757 2148 famulorum...
775 2108 813 2157 ili]
832 2117 981 2149 eteorum

193 2165 317 2205 nomina
332 2165 400 2205 BSFZ
414 2165 448 2204 Mi
530 2166 637 2205 eteorum
650 2165 761 2204 nominum
773 2165 816 2204 Am
828 2165 858 2205 Χ2
871 2173 892 2205 et
905 2177 980 2206 eorum
1065 2194 1069 2200 .

195 2221 224 2261 Xl
305 2232 331 2270 99
344 2221 409 2271 pacis]
424 2222 595 2261 commemoratio
609 2221 756 2261 defunctorum
769 2221 816 2262 add.
830 2222 848 2260 B
929 2234 979 2262 cum

194 2278 292 2318 omnibus
303 2278 326 2317 in
337 2285 382 2317 toto
393 2279 475 2318 mundo
486 2279 622 2318 offerentibus
635 2278 759 2318 sacrificium
771 2278 862 2327 spiritale
874 2278 913 2318 deo
924 2279 980 2328 patri

195 2342 215 2374 et
224 2334 267 2374 filio
277 2342 298 2373 et
308 2335 389 2383 spiritui
400 2342 472 2375 sancto
482 2335 557 2374 sanctis
568 2347 592 2374 ac
601 2335 756 2374 uenerabilibus
766 2334 907 2374 sacerdotibus
917 2335 980 2387 offert

194 2391 262 2431 senior
272 2399 343 2431 noster
353 2403 370 2430 n·
379 2391 494 2440 praespiter
504 2403 544 2444 pro
555 2403 577 2430 se
588 2398 609 2431 et
620 2403 659 2440 pro
670 2391 712 2431 suis
724 2398 745 2431 et
756 2403 795 2439 pro
805 2391 870 2431 totius
881 2385 980 2431 aeclesiae

194 2455 241 2487 cetu
258 2448 358 2487 catholice
374 2444 450 2496 et'pro
467 2448 652 2487 commemorando
668 2446 794 2487 anathletico
810 2448 876 2496 gradu
891 2459 979 2488 uenera-

193 2503 268 2544 bilium
287 2505 452 2553 patriarcharum
472 2505 602 2553 profetarum
622 2504 765 2552 apostolorum
786 2511 807 2544 et
826 2504 936 2544 martirum
957 2512 980 2543 et

193 2560 331 2609 omniumque
349 2567 469 2600 sanctorum
488 2569 512 2600 ut
531 2571 570 2609 pro
588 2561 650 2600 nobis
669 2561 788 2608 dominum.
798 2561 862 2600 deum
880 2568 980 2600 nostrum

194 2628 277 2657 exorare
292 2617 404 2666 dignentur
419 2618 466 2657 add.
482 2617 506 2656 81
521 2617 591 2657 deinde
605 2616 687 2657 litanias
702 2626 722 2657 et
734 2625 801 2665 preces
816 2617 904 2656 inserunt
918 2616 941 2656 S¹
957 2624 979 2656 et

193 2674 217 2713 8²
274 2711 276 2714 ,
299 2684 337 2714 100
343 2674 402 2722 ipsis]
411 2674 496 2713 domine
503 2674 549 2713 odd.
558 2673 635 2714 FZAm
644 2683 696 2723 1474
777 2672 883 2720 omnibus]
891 2672 979 2712 domine

193 2730 239 2770 add.
245 2730 270 2770 1³²
351 2730 515 2779 quiescentibus]
522 2734 546 2775 <-{-
555 2730 625 2771 adal>
700 2728 944 2778 locum...deprecamur]
952 2730 982 2769 da
1005 2739 1007 2744 ·

193 2788 295 2836 propitius
307 2787 392 2836 ueniam
402 2795 537 2836 peccatorum
549 2795 570 2826 et
581 2787 676 2836 requiem
689 2786 837 2834 sempiternam
848 2785 869 2826 X
938 2796 980 2825 102¹

193 2855 254 2892 per...
272 2852 368 2883 nostrum
384 2856 422 2883 om.
440 2844 473 2883 SF
488 2844 534 2892 per]
552 2844 651 2883 eumdem
666 2843 714 2897 odd.
733 2852 786 2891 1474
866 2841 978 2892 christum}

192 2896 316 2940 filium'add.
327 2901 346 2940 R
427 2901 531 2949 nostrum]
542 2900 661 2940 amen'add.
674 2909 727 2948 1474

206 3022 276 3076 inv.
289 3045 325 3085 ως
336 3035 428 3084 ramnes]
440 3044 461 3075 et
470 3035 588 3076 samaraeus
598 3035 645 3075 aaa.
656 3035 677 3075 x
743 3037 744 3040 ¹
760 3039 769 3049 ..
