2243 3499
436 153 519 189 canon
533 152 644 188 acrrorrs
906 152 935 199 31

540 277 550 316 Ι

173 348 215 403 Αρ.
225 348 291 391 Ρον..·
302 347 337 390 Illi
346 347 465 403 (episcopo)
475 360 527 392 uero
538 347 627 391 offerant
636 347 734 391 diacones
746 346 877 390 oblationem
886 346 937 400 qui-

147 431 193 477 ‘que
204 421 318 476 imponens
328 434 403 464 manus
415 421 439 464 in
452 434 499 464 eam
508 420 626 465 cumomni
636 420 780 476 praesbyterio
793 420 849 463 dicat
858 419 936 474 gratias

149 507 229 548 agens:
244 494 343 538 dominus
357 495 470 538 uobiscum
483 503 504 537 et
518 508 592 537 omnes
606 494 692 538 dicant:
708 503 788 537 etcum
800 493 876 549 spiritu
888 490 936 536 tuo.¹

149 569 240 612 Sursum
253 567 323 611 corda.
339 568 450 612 Habemus
464 568 492 612 ad
504 567 622 611 domiuum.
637 567 720 612 Gratias
735 580 821 622 agamus
836 566 932 611 domino.

4 621 14 694 {j
151 641 249 696 Dignum
260 651 281 684 et
291 641 373 696 iustum
384 651 423 685 este
447 679 448 682 ,

178 716 314 767 Ενοκῐιαυε,
330 717 362 759 De
374 716 427 759 dom.
439 729 469 759 or.
482 727 507 771 31
521 715 604 770 (CSEL
616 727 637 771 3,
649 715 699 770 289)
712 728 718 758 ι
735 715 787 758 Ideo
803 723 826 758 et
836 713 937 758 sacerdos
993 720 996 731 '

150 798 199 833 ante
204 789 457 845 orationempraefatione
464 789 579 845 praemissa
585 798 645 845 parat
651 789 826 833 fratrummentes
832 787 935 831 dicendo:

150 876 236 906 sursum
249 862 321 914 corda,
332 871 358 906 ut
371 862 423 906 dum
436 862 551 918 respondet
562 862 642 918 plebs:
656 862 759 925 habemus
772 861 800 905 ad
812 860 937 922 dominum,

150 935 290 979 admoneatur
303 936 359 980 nihil
372 934 431 980 aliud
444 949 468 979 se
482 949 547 991 quam
561 935 674 980 dominum
687 935 779 991 cogitare
794 935 878 979 debere.

177 1010 320 1053 Aucusrrnus
334 1007 476 1064 (Miscellanea
489 1009 624 1064 aegerrimam,
637 1011 725 1062 Romae,
738 1020 799 1064 1930,
806 1009 825 1060 1,
839 1008 914 1064 3o·31)
929 1021 949 1056 τ,

148 1084 199 1126 Post
210 1082 360 1126 salutationem
371 1095 437 1138 quam
447 1082 522 1135 nostis,
532 1082 557 1126 id
567 1077 599 1126 est
610 1081 710 1126 dominus
721 1082 835 1126 uobiscum
845 1081 936 1126 audistis

150 1169 236 1200 sursum
253 1169 290 1199 cor
294 1188 382 1200 .......
388 1169 438 1199 cum
455 1155 564 1200 audieritis
581 1169 593 1199 a
610 1156 718 1199 sacerdote
735 1169 820 1200 sursum
837 1169 874 1199 cor
890 1168 935 1199 res·
999 1165 1001 1168 ·

150 1229 249 1285 ponderis
263 1229 367 1273 habemus
381 1229 409 1272 ad
422 1228 545 1273 dominum.
553 1261 559 1272 .
567 1223 572 1273 ’.
581 1262 587 1272 .
595 1262 614 1273 ,.
632 1243 682 1273 cum
696 1229 790 1272 dixeritis
803 1229 937 1273 habereuos
966 1254 968 1256 >

150 1316 236 1346 sursum
247 1316 284 1345 cor
295 1301 323 1345 ad
333 1302 454 1354 dominum,
465 1302 562 1357 sequitur
572 1302 669 1346 sacerdos
681 1311 702 1345 et
713 1301 765 1346 dicit
772 1292 882 1349 {domino
894 1302 937 1345 deo
957 1290 958 1294 ¹
1011 1316 1013 1318 ’
1053 1286 1057 1294 ’

149 1385 224 1419 nostro
234 1376 310 1430 gratias
321 1389 415 1430 agamus.
426 1376 462 1419 Cf.
473 1376 508 1419 PL
518 1379 554 1431 38,
565 1388 625 1420 1100.

179 1450 249 1493 Consi.
261 1450 334 1504 Aposi.
347 1459 397 1501 VIII,
410 1460 443 1500 12,
455 1460 492 1504 4·5
506 1462 511 1491 ε
525 1452 552 1489 Ἡ
563 1451 616 1501 χάρις
628 1453 661 1490 τοῦ
676 1452 824 1500 παντοκράτορος
832 1453 874 1490 θεοῦ
882 1451 937 1500 καὶὴ

150 1525 213 1573 ἀγάπη
222 1527 255 1562 τοῦ
263 1524 327 1573 κυρίου
336 1525 389 1573 ἡμῶν
398 1525 460 1573 Ἰησοῦ
469 1525 551 1572 Χριστοῦ
558 1524 590 1563 καί
602 1525 614 1573 ἡ
627 1525 712 1563 κοινωνία
726 1526 759 1563 τοῦ
767 1525 821 1573 ἁγίου
833 1525 939 1573 πνεύματος,

150 1599 200 1635 ἔστω
210 1598 261 1646 μετὰ
269 1598 343 1636 πάντων
355 1597 412 1645 ὑμῶν,
421 1598 453 1636 καὶ
460 1598 527 1643 πάντες
534 1597 640 1645 λεγέτωσαν
649 1598 678 1636 ότι
689 1598 721 1636 καί
734 1598 780 1646 μετὰ
791 1600 825 1636 τοῦ
833 1598 937 1647 πνεύματός

151 1684 193 1709 σου.
202 1671 240 1709 Καὶ
252 1671 263 1708 ὁ
276 1671 370 1719 ἀρχιερεύς
380 1684 384 1693 ·
394 1671 433 1709 ἄνω
445 1671 477 1709 τόν
489 1673 536 1716 νοῦν,
549 1671 581 1709 καί
594 1672 661 1716 πάντες
669 1685 674 1695 ·
683 1671 750 1721 ἔχομεν
764 1672 809 1720 πρὸς
821 1671 853 1710 τόν
865 1672 937 1720 κόριον.

151 1744 189 1783 Καί
198 1745 208 1782 ὁ
217 1744 311 1793 ἀρχιερεύς
321 1757 325 1767 ·
335 1744 497 1793 εῦχαριστησωρεν
509 1745 537 1793 τῷ
549 1744 613 1794 κυρίῳ,
622 1745 654 1783 καί
665 1745 745 1790 πάντες·
756 1745 806 1790 ἄξιον
818 1745 850 1784 καί
857 1731 934 1784 δίκαιον.

530 1902 553 1944 II

177 1975 280 2017 IUSTINUS
302 1974 377 2030 (Apol.
392 1975 412 2026 I,
425 1976 463 2029 65,
476 1974 517 2033 3)¹:
537 1976 574 2015 Καὶ
593 1977 675 2033 οῦτοςίό
688 1977 790 2029 προεστὼς)
802 1978 865 2026 λαβὼν
881 1978 939 2025 αίνον

149 2050 181 2088 καὶ
192 2051 248 2095 δόξαν
258 2053 285 2099 τῷ
294 2050 350 2099 πατρί
360 2052 398 2088 τῶν
408 2051 456 2088 όλων
465 2050 494 2089 διὰ
502 2053 535 2088 τοῦ
547 2050 636 2098 ὀνόματος
643 2053 677 2089 τοῦ
688 2050 728 2089 υἱοῦ
742 2051 773 2089 καί
785 2048 819 2089 τοῦ
832 2052 939 2100 πνεύματος,
1014 2065 1016 2070 ·

148 2126 182 2161 τοῦ
195 2124 248 2172 ἁγίου
261 2124 364 2172 ἀναπέμπει
376 2124 408 2162 καί
420 2123 538 2173 εὐχαριστίαν
555 2123 600 2172 ὑπὲρ
617 2126 650 2162 τοῦ
667 2124 792 2173 κατηξιῶσθαι
807 2125 878 2164 τούτων
890 2126 935 2174 παρ’

8 2205 11 2241 ζ
87 2204 89 2207 “
150 2197 206 2235 αὐτοῦ
218 2197 249 2235 ἐπί
261 2197 308 2235 πολὺ
321 2199 408 2235 ποιεῖται.

174 2269 213 2312 Lib
226 2269 288 2324 Pont.
302 2269 321 2320 1,
338 2271 385 2320 128,
400 2269 428 2312 cf.
445 2271 509 2324 56-57
525 2282 531 2312 :
546 2268 589 2312 Hic
604 2269 702 2324 (Xystus)
717 2269 828 2313 constituit
841 2279 866 2313 ut
879 2270 940 2314 intra.
971 2318 972 2322 ,

148 2342 255 2386 actionem
265 2342 363 2385 sacerdos
374 2342 478 2398 incipiens
489 2342 570 2398 populo
581 2343 689 2397 hymnum
697 2343 820 2387 decantaret
832 2357 837 2386 :
849 2353 938 2388 sanctus·

148 2425 234 2458 sanctus
247 2416 333 2459 sanctus
346 2414 446 2471 dominus
460 2414 512 2458 deus
525 2415 615 2459 sabaoth
627 2425 653 2458 et
661 2425 736 2459 cetera.

176 2489 291 2544 Anaphora
309 2488 428 2543 Serapionis
444 2501 470 2531 ιο
485 2488 560 2543 (Furere
577 2490 610 2541 ΙΙ,
628 2489 675 2545 174)
696 2502 701 2532 :
724 2493 790 2540 ’Άγιος
811 2493 863 2541 ἅγιος
883 2494 939 2542 ἅγιος

149 2552 213 2612 κύριος
225 2565 308 2613 σαβαώθ,
322 2565 393 2614 πλήρης
405 2566 416 2603 ὁ
429 2564 505 2613 οὐρανὸς
516 2566 549 2613 καί
560 2565 572 2613 ἡ
585 2568 610 2614 γῆ
622 2568 656 2614 τῆς
669 2565 724 2614 δόξης
736 2565 799 2605 αὐτοῦ.

177 2637 247 2680 Consi.
258 2637 302 2691 Ap.
312 2637 376 2687 VIII,
387 2648 421 2688 12,
431 2648 458 2690 27
471 2639 553 2686 :''Amoc
564 2639 616 2687 ἅγιος
629 2639 681 2687 ἅγιος
693 2640 755 2688 κύριος
767 2640 850 2689 σαβαώθ,
864 2641 939 2691 πλήρης

149 2712 160 2749 ὁ
177 2712 253 2760 οὐρανὸς
269 2712 301 2751 καί
317 2712 329 2760 ἡ
345 2715 370 2761 γῆ
388 2715 421 2761 τῆς
437 2712 492 2761 δόξης
508 2712 565 2750 αὐτοῦ
581 2712 681 2761 εὐλογητὸς
697 2713 723 2758 εἰς
739 2713 782 2759 τοὺς
794 2714 862 2760 αίῶνας
878 2714 934 2764 ἀμην.

175 2784 293 2838 Ib.13,13
311 2783 436 2837 (immediate
448 2789 495 2826 ante
508 2784 662 2827 communionem
664 2785 692 2840 ):
708 2787 742 2832 Είς
759 2788 811 2835 ἅγιος
828 2788 855 2833 εἴς
871 2788 938 2837 κύριος·

152 2859 224 2908 Ἰησοῦς
235 2859 317 2908 Χριστὸς
329 2859 356 2904 είς
367 2859 422 2904 δόξαν
432 2859 474 2897 θεοῦ
482 2859 557 2907 πατρός,
568 2859 668 2915 εὐλογητὸς
676 2859 702 2905 είς
709 2861 752 2907 τοὺς
760 2861 851 2906 αἰῶνας...
861 2863 937 2902 donna

151 2936 179 2981 τῷ
196 2934 230 2982 υίῷ
248 2933 311 2977 Δαυίδ,
329 2933 478 2982 εῦλογημένοςὸ
494 2932 593 2982 ἐρχόμενος
608 2933 627 2971 ἐν
644 2921 719 2983 ὀνόματι
735 2935 804 2982 κυρίου,
819 2936 860 2981 θεός
872 2936 937 2984 κῦριος

148 3007 181 3045 καί
194 3007 275 3055 ἐπεφάνη
289 3006 308 3045 όν
321 3007 371 3055 ἡμῖν,
385 3006 458 3045 ὡσαννοί
471 3006 490 3045 ἐν
501 3009 542 3052 τοῖς
554 3006 643 3055 ὑψίστοις.
